4584 6767
287 620 357 676 roos
764 618 792 673 u.
815 617 986 674 specuum
1005 575 1337 674 cmnornonannsts
1354 610 1450 669 vrrs.
1843 609 1914 670 roos

320 736 350 791 5·
368 733 399 788 1).
421 731 594 789 ilorulancon
607 731 717 801 indique
731 732 819 801 partui
831 732 871 787 ies
883 731 1054 787 manuscrits
1066 728 1100 786 de
1121 729 1146 784 ia
1160 726 1345 798 bililiotirdquc
1359 725 1393 781 cle
1409 721 1600 780 Sator-tinen
1615 725 1649 782 de
1662 724 1750 795 Paris,
1767 740 1821 783 une
1835 728 1915 785 lettre

283 821 319 860 uc
330 804 402 860 saint
417 802 550 859 Etiertuc:
568 803 694 875 Steptrani
710 804 790 873 prirni
802 802 889 892 pret-ris
905 801 1207 857 Gratidimontunotum.

300 945 1900 985 ——w—--mw—W*

757 1158 935 1276 vum
978 1095 1443 1275 usmetum

592 1376 759 1435 AUCTORE
777 1376 944 1434 cnutum)
962 1373 1090 1433 tutone
1107 1358 1419 1433 GiiiiilililoNTENSl
1438 1372 1599 1430 sentum.

354 1534 492 1607 manaen.
507 1533 597 1603 llmpl.
615 1532 724 1587 Collect.
757 1530 790 1587 11
816 1529 1062 1597 manendumne
1076 1528 1193 1586 retussis
1208 1542 1276 1585 mss.
1290 1527 1515 1598 Grandimantis,
1530 1538 1558 1586 ct
1569 1529 1666 1598 tertio,
1682 1529 1839 1598 recentiori,

946 1599 1255 1679 Maioris-Honestcrii.)

1083 1759 1131 1783 -l

751 1906 1131 2029 ousnnvutto
1170 1935 1432 2033 ennvm.
1514 1923 1524 1944 '

319 2128 559 2201 nunctiorrplrani,
577 2131 679 2184 ordinis
694 2126 943 2183 Gratidiunantensis
959 2126 1133 2190 institutoris,
1149 2143 1191 2181 res
1218 2126 1345 2197 preclare
1369 2136 1457 2197 pestus
1475 2125 1582 2197 scriptis
1602 2126 1657 2181 suis
1683 2126 1818 2211 perplures
1841 2118 1923 2185 cete-⁸

281 2198 393 2256 bearunt
416 2213 546 2256 auctores.
564 2200 639 2254 llnrrc
654 2201 681 2254 in
708 2212 735 2252 se
748 2199 911 2266 prouinciam
927 2197 1029 2267 primus
1054 2198 1173 2252 amrrlum
1189 2213 1249 2251 ruse
1282 2198 1333 2252 isse
1347 2198 1451 2252 uidetur
1477 2194 1626 2265 Stephanus
1650 2198 1682 2252 de
1704 2197 1822 2261 tierneo.
1838 2217 1908 2255 anna
1986 2212 1988 2217 '

284 2269 350 2323 tttt
367 2282 472 2327 creatus
486 2280 598 2336 enarras
617 2269 865 2324 Grandimontensis
878 2268 962 2335 prior.
978 2264 1039 2337 lpse
1063 2268 1144 2331 enlm,
1161 2276 1226 2322 teste
1249 2213 1389 2321 deman-do
1403 2266 1543 2330 Gnidonis,
1559 2268 1670 2324 etdicta
1681 2268 1789 2324 ellectu
1802 2268 1831 2323 S.
1848 2269 1908 2324 Ste-
1946 2313 1948 2316 .

282 2338 366 2407 pitlni
382 2340 519 2397 conscribi
531 2338 605 2395 lecit.
622 2338 699 2405 Quod
714 2338 821 2409 paridem
837 2351 902 2406 opas
915 2336 1041 2391 ltactenus
1054 2337 1083 2391 in
1097 2338 1210 2391 eenetrts
1226 2337 1343 2391 delituit.
1360 2336 1459 2391 Deirtde
1480 2336 1613 2391 Gerardus
1629 2336 1736 2405 ltlre'rii,
1756 2354 1827 2397 anne
1838 2339 1908 2394 tt88

283 2411 405 2464 ααααίαιί
421 2412 536 2480 [rutrum
550 2426 677 2464 rorrsensa
695 2406 838 2464 Guillelmo
852 2408 886 2460 de
903 2404 1046 2461 Trinlu'aeo
1066 2417 1140 2461 secto
1164 2408 1248 2477 priori
1273 2409 1412 2477 suffectus,
1436 2414 1496 2460 cum
1518 2408 1668 2477 piissimum
1681 2420 1818 2477 parentem
1826 2426 1907 2471 suam

268 2472 435 2534 ‘sanctorum
450 2479 511 2534 allo
523 2481 616 2550 referri
630 2487 770 2550 sataperct‚
790 2478 872 2532 ritant
886 2475 943 2545 ep'us
957 2487 982 2532 et
1002 2476 1134 2531 miracula
1149 2478 1247 2547 {miani
1258 2478 1415 2547 corsscripsit
1429 2475 1509 2546 stylo,
1526 2494 1586 2545 nun
1605 2494 1652 2531 nee
1670 2479 1729 2543 ipsa
1741 2478 1826 2534 lucent
1840 2480 1907 2533 ltac-

284 2557 360 2602 tenus
381 2550 468 2603 uidere
492 2550 650 2619 promeruit.
671 2549 787 2603 Tertiam
805 2548 897 2616 celtae
916 2545 1258 2613 i'itscontractiorem,·seu
1278 2548 1365 2615 potius
1385 2556 1507 2616 excerpta
1524 2563 1557 2600 en
1578 2546 1692 2601 Gerardi
1704 2564 1780 2617 opere
1795 2565 1846 2602 raon
1868 2551 1908 2604 ita

279 2618 406 2671 concinne
419 2621 550 2673 adornata
562 2626 753 2672 cortteeuernnt
767 2617 851 2687 aliqui
867 2618 964 2685 [ratres
978 2615 1005 2669 in
1018 2616 1092 2670 cellis
1107 2616 1308 2681 latitantespet
1323 2619 1440 2686 quidem,
1454 2626 1483 2669 ut
1507 2617 1631 2686 conjicio,
1655 2617 1690 2670 ad
1704 2633 1766 2671 snos
1785 2622 1907 2688 proprios

280 2702 355 2752 usus,
370 2688 456 2740 lniori
467 2688 607 2757 prolixiori
618 2688 645 2740 in
658 2697 714 2740 tota
729 2688 783 2739 uita
797 2688 897 2739 enarre
908 2687 1097 2739 consmittersdu
1118 2696 1266 2755 parcentes.
1280 2686 1359 2739 lianc
1376 2686 1466 2740 Vitam
1491 2685 1587 2756 alsone
1600 2686 1718 2739 auctoris
1732 2689 1838 2741 nomine
1852 2688 1908 2758 pri·

281 2771 339 2808 s..·us
352 2759 438 2810 edidit
455 2759 482 2810 in
501 2773 551 2811 sna
562 2755 727 2810 Billiottrecu
740 2772 807 2807 noua
824 2755 961 2823 Ptrilippus
974 2753 1102 2810 labbeus
1116 2756 1253 2809 societatis
1276 2755 1411 2825 precipiet
1424 2757 1555 2821 eruditus,
1566 2771 1635 2808 anno
1652 2754 1730 2810 1651.
1746 2754 1875 2811 Eamdcm
1890 2776 1908 2812 a

282 2824 364 2880 l’etro
378 2825 523 2880 l'rarrcisco
538 2825 636 2893 Clrifflet
649 2823 784 2892 ncleptnm
798 2825 954 2877 recuderunt
967 2823 1083 2878 loannes
1098 2824 1247 2878 llollandus
1267 2835 1293 2880 et
1316 2823 1476 2894 Godelridus
1501 2824 1680 2880 llensclteuius
1700 2825 1736 2878 ad
1761 2827 1831 2881 diem
1852 2826 1907 2882 Fe·

278 2894 383 2947 denarii
396 2906 527 2957 octauum,
538 2895 586 2948 stult
598 2896 701 2947 tramine
716 2892 829 2946 Gernrdi
841 2891 906 2946 Ι111
920 2894 1016 2960 prioris
1032 2890 1293 2959 Grnrrds‘montep‘sis.
1310 2893 1382 2948 Nares
1400 2910 1461 2948 cum
1475 2895 1618 2949 citatuma
1639 2894 1737 2950 Carolo
1753 2895 1907 2951 Frenrontia

281 2962 396 3015 Ceruarii
411 2981 487 3032 opus,
503 2979 562 3016 cnm
573 2979 604 3015 aa
615 2978 695 3032 quam
711 2978 767 3032 prce
779 2964 900 3017 matribus
923 2963 1054 3017 lralredaut
1075 2961 1134 3017 Vita
1150 2964 1334 3029 contulissent,
1348 2965 1534 3036 ipsissimaque
1548 2964 1621 3019 illius
1642 2963 1719 3019 nerle
1743 2966 1770 3019 in
1789 2982 1821 3019 ea
1835 2983 1908 3037 repe-

224 3095 226 3099 ,
280 3033 390 3097 rissent,
407 3032 449 3087 illi
468 3045 543 3101 poue
560 3041 584 3086 ct
596 3033 689 3087 delere
706 3032 818 3087 attribui
834 3033 942 3086 minime
955 3032 1122 3098 dubitarunt,
1134 3036 1254 3103 quamuis
1272 3034 1379 3088 nonnisi
1407 3046 1532 3105 excerpta
1548 3034 1670 3104 quedam
1694 3035 1786 3103 feriati
1809 3036 1906 3106 [ratris

278 3103 425 3169 concinent,
438 3105 484 3173 qni
496 3102 638 3173 prolixiori
651 3118 761 3171 parcens
772 3102 870 3168 tutari,
887 3103 1017 3171 inteprmn
1030 3104 1177 3158 describere
1189 3104 1285 3159 noluit.
1305 3105 1408 3170 Quarto
1419 3106 1471 3174 piae
1482 3106 1616 3160 memorie
1639 3103 1756 3159 Carolus
1776 3103 1908 3161 Fresnau·

279 3171 345 3237 tius,
362 3170 518 3238 Turonirus,
530 3174 631 3227 ordinis
644 3174 686 3226 sui
701 3173 872 3241 reformator,
885 3181 913 3225 ut
924 3188 985 3226 suos
998 3172 1171 3228 adsectando
1183 3174 1345 3245 lepislataris
1366 3176 1432 3229 uest'
1450 3177 1477 3228 ia
1500 3176 1599 3245 [ratres
1618 3175 1759 3239 excitaret,
1786 3173 1817 3229 S.
1846 3175 1907 3231 Ste-

279 3241 362 3311 pinni
381 3242 469 3297 i'itam
483 3242 586 3296 Gallico
600 3258 657 3297 corn
677 3242 747 3296 osuit
760 3236 898 3307 idiomate,
916 3258 947 3296 ac
962 3242 1067 3297 viniani
1091 3243 1164 3312 prelo
1187 3245 1320 3299 contutisit
1337 3261 1408 3299 anna
1448 3244 1510 3299 617.
1532 3243 1632 3309 Quinto
1651 3244 1763 3313 denique
1789 3261 1909 3300 reueren-

277 3311 407 3367 dissimus
423 3312 554 3368 Heinricus
565 3314 598 3367 de
610 3313 638 3367 la
651 3259 759 3367 daretne
768 3311 800 3365 ds
818 3311 950 3382 Parqnac,
973 3313 1130 3367 saeuissimus
1147 3314 1249 3367 ordinis
1263 3310 1422 3385 prepositus
1435 3314 1565 3384 peneralis
1579 3324 1604 3366 et
1619 3313 1701 3367 alins
1727 3311 1908 3369 Grandirnen·

279 3382 326 3447 tir,
343 3384 429 3438 simile
441 3400 506 3453 opes
516 3382 634 3438 Parisiis
652 3399 704 3436 tran
714 3381 866 3451 itapridem
880 3382 974 3437 edidit.
988 3381 1043 3436 llos
1057 3391 1283 3452 preteraucrores
1295 3383 1453 3439 (inillelmus
1477 3383 1614 3447 Dandina,
1639 3394 1809 3452 capnomento
1828 3385 1859 3439 de
1875 3384 1905 3441 8.

279 3450 390 3517 8ααίαα,
406 3456 451 3524 qui
463 3455 510 3508 sud
524 3454 603 3523 finem
616 3454 708 3507 creceii
722 3468 760 3507 xtt
776 3450 899 3523 liupanis
914 3452 946 3506 de
960 3451 1074 3507 Lacerta
1092 3451 1180 3505 Vitam
1193 3452 1308 3523 elepanti
1331 3454 1401 3523 stylo
1418 3463 1443 3509 et
1457 3461 1583 3509 accurate
1596 3454 1765 3522 conseripsit,
1779 3455 1907 3524 perplura

277 3522 311 3575 de
330 3520 360 3577 8.
389 3522 522 3595 Stephano
536 3524 605 3577 scitu
618 3524 778 3594 diprrissima
791 3532 816 3576 et
844 3521 972 3577 lactemus
989 3523 1365 3592 parumnota,illiinseruiu.
1390 3523 1441 3579 llis
1459 3524 1528 3578 adde
1545 3522 1711 3578 Vincendum
1734 3521 1907 3580 Bellouucen·

277 3606 343 3714 χαί,
354 3594 399 3675 qui
410 3605 434 3648 et
450 3595 504 3664 ipse
519 3591 551 3717 de
562 3592 592 3649 S.
605 3591 740 3718 §teplguruo
755 3594 817 3717 negt¹
829 3590 937 3715 speculi
952 3590 1102 3715 tristfrriaiit
1116 3591 1165 3646 lid.
1181 3608 1246 3661 xxv,
1260 3610 1319 3665 cap.
1338 3592 1373 3648 16
1396 3605 1420 3649 et
1432 3609 1506 3663 sep,
1529 3591 1696 3647 Bernardum
1716 3592 1856 3662 Gnidonis,
1873 3594 1903 3653 S.

303 3677 445 3717 nonrrnrn
490 3680 543 3718 ar.
571 3680 591 3726 t,
616 3682 648 3718 r.
692 3680 772 3725 ,cu.
824 3680 860 3725 ,e
914 3678 1067 3717 nresoros.
1640 3710 1642 3712 .
1786 3693 1790 3708 ·

314 3682 408 3803 ltuqt'ee
420 3703 456 3787 ad
470 3680 660 3788 ipllustrdndam
690 3731 719 3788 8.
744 3679 871 3815 ἕααρίιααί
883 3680 1049 3786 ρΜαααίαααία
1071 3734 1236 3798 memoriam,
1254 3733 1329 3788 aliud
1354 3732 1421 3788 nilril
1439 3734 1586 3788 desiderari
1606 3734 1744 3788 uidebatur
1770 3750 1851 3804 auam
1875 3748 1905 3793 ut

224 3859 229 3874 1
277 3797 405 3870 Stephani
420 3805 451 3856 de
467 3802 573 3857 liciace
590 3814 614 3857 et
628 3802 739 3856 Gerardi
751 3804 850 3874 pecoris
870 3800 926 3855 111
940 3802 1090 3855 turndratia
1100 3802 1202 3885 publici
1227 3804 1333 3858 tandem
1344 3803 1416 3873 juris
1431 3806 1515 3873 lieret.
1531 3801 1599 3857 ctu
1614 3813 1703 3857 nutem
1724 3802 1905 3861 Grandimon-

278 3872 360 3938 tensis
377 3874 530 3926 monasterii
543 3873 726 3926 lilliotlrecnru
737 3873 801 3926 milri
817 3873 880 3925 olim
899 3872 1015 3925 lustrare
1041 3870 1170 3940 licuisset,
1185 3873 1335 3928 inciderunt
1347 3874 1374 3926 in
1388 3889 1482 3927 manus
1494 3868 1653 3941 amplissimi
1668 3872 1841 3941 codicesduo,
1853 3877 1906 3932 Ge-

276 3942 353 3994 rnrdi
370 3941 426 3995 111
440 3944 539 4011 prioris
553 3958 647 3996 nomeu
660 3944 838 4012 preferentes,
850 3942 983 4011 elepauter
994 3940 1131 4012 descripti,
1145 3955 1170 3997 et
1189 3945 1217 3997 ni
1230 3959 1269 3997 me
1283 3942 1422 4013 meulallit
1432 3944 1532 4014 opinio,
1548 3943 1683 4013 ipsissima
1694 3944 1812 3997 auctoris
1823 3962 1905 4001 nranu
2004 3996 2008 4007 .

274 4014 382 4065 exarati
394 4029 403 4076 ,·
420 4014 454 4065 ad
466 4027 577 4081 ortorum
589 4012 737 4081 exemplum
759 4010 920 4066 Turonensis
941 4009 970 4065 S.
992 4009 1104 4065 llartt'ui
1128 4012 1416 4082 llap'ars's-llonasterii
1439 4014 1556 4068 codicem
1580 4015 1750 4067 reeerniorem
1773 4016 1905 4084 scriptum

275 4081 472 4135 existimomus.
488 4079 554 4134 lllos
567 4097 625 4135 uero
636 4073 686 4135 dili
704 4091 776 4135 enter
787 4080 913 4136 evolventi
930 4080 995 4134 milri
1007 4093 1178 4137 occurrerunt
1193 4085 1220 4139 in
1233 4100 1324 4147 earum
1345 4100 1398 4150 uno
1430 4094 1471 4139 ast
1483 4093 1561 4153 capnt
1574 4082 1609 4137 16
1624 4085 1725 4137 inserta
1739 4083 1795 4138 alia
1809 4086 1904 4140 ende-

275 4150 329 4202 eim
343 4154 433 4220 capita
443 4167 503 4204 cum
515 4099 732 4223 subseqnentidns
746 4150 862 4206 uersilms
876 4166 886 4214 ,·
898 4165 1026 4220 quntum
1048 4153 1225 4208 attentissime
1246 4154 1377 4223 lepissern,
1393 4100 1429 4209 81
1442 4146 1570 4224 Steplmni
1583 4153 1656 4209 elicta
1672 4164 1703 4216 ct
1719 4153 1801 4219 lacta,
1823 4153 1905 4223 jussu

276 4215 405 4289 Steplenni
417 4221 449 4275 de
462 4219 570 4274 Liciaeo
582 4223 698 4291 primam
713 4221 823 4275 eoltcetu
836 4222 928 4274 statim
940 4236 996 4275 esse
1011 4221 1119 4290 conieci.
1132 4220 1318 4292 Cortp’eeturam
1330 4223 1398 4278 laam
1414 4239 1499 4278 means
1519 4224 1711 4292 eottpirmarunt
1721 4224 1807 4292 stplns
1823 4226 1904 4293 poulo

276 4289 396 4343 diuersus
410 4300 436 4343 et
461 4306 501 4343 res
519 4293 547 4345 in
567 4294 751 4358 cistractatae,
788 4290 963 4346 uindiciiset
993 4289 1083 4356 lactis,
1111 4299 1140 4344 ut
1155 4292 1249 4346 titulus
1264 4294 1383 4363 prefert,
1408 4294 1527 4364 apprime
1542 4294 1708 4346 conueniunt.
1725 4292 1826 4347 lleinds
1844 4311 1905 4352 cum

276 4367 357 4429 capnt
369 4360 404 4414 li
411 4362 569 4440 pruncederiti
585 4360 619 4416 16
633 4362 728 4431 optime
738 4307 879 4433 caderent,
892 4376 967 4413 nemo
981 4368 1020 4414 est
1034 4362 1080 4430 qui
1094 4376 1147 4415 non
1172 4362 1292 4418 aduertat
1306 4362 1437 4427 sexdecim
1449 4364 1510 4419 illos
1533 4361 1660 4416 articulos
1672 4374 1749 4415 ectru
1764 4377 1905 4417 numerum

277 4427 374 4481 liudem
389 4439 447 4500 past
465 4431 622 4501 completum
636 4443 701 4501 opus
726 4431 836 4487 insertos
850 4431 944 4500 luisse.
966 4429 1100 4485 l’roeteren
1121 4447 1181 4485 cunt
1201 4430 1295 4487 Vitrea
1318 4448 1345 4487 se
1359 4435 1515 4503 conscriptae
1527 4441 1580 4486 tres
1597 4430 1732 4496 Gerardus
1746 4434 1905 4500 praemiserit

277 4500 458 4567 prefationes,
484 4516 597 4572 quarum
626 4504 712 4558 tertie
737 4501 920 4556 tantummodo
934 4515 1027 4554 eonsen
1049 4499 1107 4570 ejus
1126 4503 1301 4572 preponitur,
1325 4504 1392 4557 duas
1408 4504 1509 4572 primas
1534 4502 1650 4555 aliarum
1671 4515 1726 4554 esse
1751 4512 1903 4569 auctorum,

275 4583 388 4637 qnorum
412 4587 477 4639 opus
496 4587 545 4626 suo
569 4572 718 4626 intexuerat
746 4570 803 4634 ille,
828 4573 920 4626 statim
942 4568 1099 4638 dijudicari,
1121 4570 1270 4641 exquibus
1298 4588 1380 4627 uuam
1409 4572 1491 4641 luisse
1517 4570 1645 4641 Stephani
1673 4570 1705 4624 de
1732 4570 1838 4626 Lisiaco
1861 4588 1905 4625 ne·

269 4638 383 4719 ‚irernens
407 4641 472 4695 milti
497 4642 612 4712 suppetit
630 4643 757 4713 suspicio.
781 4644 950 4711 Quapropter
971 4640 1104 4697 sexdecim
1129 4641 1179 4696 illa
1203 4643 1322 4713 capitula
1343 4644 1454 4720 marsim
1477 4643 1579 4714 edendo
1603 4657 1689 4712 apere
1716 4642 1831 4711 pretium
1852 4641 1904 4696 dur·

273 4722 373 4763 armus.

311 4778 397 4850 Porro
422 4783 529 4836 tametsi
539 4780 673 4839 Gerardns
696 4801 726 4839 ea
745 4800 804 4855 que
816 4799 878 4839 vern
893 4782 1076 4854 quorumdam
1092 4782 1276 4840 veridicorum
1298 4784 1431 4841 relatione
1447 4790 1621 4854 compererat,
1633 4793 1711 4853 atque
1737 4779 1824 4837 oculis
1838 4795 1903 4851 pro-

276 4848 343 4918 priis
361 4864 531 4919 conspexerat
543 4857 668 4909 enarrare
680 4872 707 4909 se
722 4856 891 4926 profiteatur,
902 4854 982 4907 initia
992 4863 1080 4915 tanuen
1092 4853 1155 4908 nite
1165 4853 1194 4909 8.
1211 4853 1337 4925 Steplrani
1360 4870 1458 4926 parum
1476 4865 1600 4909 accurate
1612 4854 1750 4923 scripsisse
1765 4851 1904 4921 (nterrdum

275 4928 326 4973 est.
342 4918 487 4991 Namque
503 4922 536 4977 cle
551 4922 608 4992 ejus
623 4923 799 4979 Beneuentum
817 4925 978 4995 protectione
991 4939 1061 4976 atarto
1072 4926 1160 4978 etatis
1176 4942 1233 4981 sua
1250 4942 1300 4991 uu,
1313 4926 1397 4996 deque
1418 4925 1476 4994 ejus
1502 4924 1573 4995 apud
1587 4923 1715 4979 llilonem
1727 4921 1905 5001 arelriepisco·

275 5004 339 5059 punt
351 4990 460 5044 totidem
472 4993 550 5047 annis
563 4993 659 5048 itidem
678 4996 883 5049 conrnroratione
901 5003 1010 5056 narrat,
1023 5008 1082 5046 cunt
1102 4994 1219 5062 ejusdem
1246 4995 1355 5051 llilonis
1374 4996 1540 5066 episcopatus
1567 5005 1694 5062 tempore,
1716 5006 1845 5046 antrorum
1860 5005 1904 5043 nur

276 5060 402 5125 duorum,
417 5062 556 5117 conciliari
575 5065 683 5119 mirrinte
695 5074 805 5135 possunt
818 5081 828 5129 ;
846 5077 985 5118 namauna
1003 5062 1071 5116 tutt
1087 5063 1227 5120 ordinatus
1243 5081 1420 5120 successorem
1434 5065 1547 5119 habetat
1566 5080 1636 5116 αααα
1654 5060 1903 5125 illuminareris

275 5131 304 5182 r‘n
317 5130 644 5187 notisdenronstranimus.
668 5133 761 5188 Verum
775 5152 836 5189 cunt
848 5136 942 5189 decani
954 5132 1116 5187 Parisiensis
1132 5133 1263 5203 diparitate
1284 5137 1384 5205 potitus
1404 5135 1497 5202 lecisset
1513 5133 1590 5197 llilo,
1606 5140 1746 5201 antequam
1770 5132 1805 5183 ad
1818 5128 1903 5182 Bene·

275 5210 415 5253 uentanum
430 5204 517 5255 sedem
529 5218 587 5255 eum
597 5204 713 5258 evelleret
729 5205 872 5276 Gregorius
882 5215 952 5275 papa
972 5201 1038 5265 111,
1056 5202 1128 5256 leand
1140 5205 1288 5259 atsinrilea
1310 5221 1369 5259 sero
1381 5203 1484 5258 ridetur
1495 5213 1617 5256 sanctum
1638 5201 1802 5280 Stephanum
1813 5200 1902 5251 oetntis

275 5284 332 5323 tute
344 5286 412 5323 anno
424 5272 581 5325 duedecirno
594 5272 714 5336 Parisios
729 5274 764 5328 ad
776 5291 836 5330 eum
849 5276 1001 5336 accessisse,
1019 5281 1044 5325 et
1065 5272 1164 5326 intuens
1186 5288 1245 5326 curu
1269 5290 1298 5328 eo
1312 5281 1517 5328 eontnroranteru
1532 5273 1629 5326 diuinis
1652 5270 1902 5337 lrunrnnruntuspue

266 5340 373 5393 'litteris
386 5357 492 5410 operam
504 5342 608 5395 dedisse
619 5361 626 5396 a
642 5345 762 5397 eumeleus
773 5356 864 5415 postea
881 5355 998 5398 creatum
1010 5342 1424 5412 arehiepiscopumlieneuentum
1437 5352 1567 5405 secutum,
1579 5357 1638 5394 curet
1646 5349 1708 5393 tunc
1716 5347 1803 5409 aperet
1812 5339 1902 5392 tatutis
1917 5354 1919 5358 ⁴

273 5424 330 5464 sure
342 5427 413 5464 maun
424 5432 439 5463 n
452 5413 603 5465 uicesimum
612 5415 757 5468 secundum
768 5432 778 5480 ;
791 5426 870 5487 atquae
883 5414 1057 5482 Milone-post
1073 5410 1138 5465 duos
1155 5429 1238 5466 arrrsos
1253 5414 1288 5466 ad
1299 5428 1407 5483 superos
1431 5410 1654 5476 enecate-Rornae
1670 5409 1827 5479 aliquandiu
1840 5423 1902 5461 curn

273 5481 364 5549 aliquo
377 5482 508 5537 cardinale
520 5495 699 5538 ccrrretsatum
713 5486 804 5555 [uisse.

1078 5616 1113 5641 ..as

274 5754 374 5823 inscipit
386 5758 488 5825 primns
499 5758 592 5812 titulus
604 5760 631 5812 in
645 5755 705 5811 vua
717 5754 746 5811 S.
760 5752 1060 5826 Stepnnrricorrlesrcrr's,
1076 5758 1098 5817 Α
1115 5752 1202 5821 nstv),
1219 5752 1360 5809 intendere
1378 5764 1462 5823 super
1485 5740 1635 5819 discipulos
1654 5743 1732 5810 inus,
1750 5760 1784 5824 ne
1798 5762 1813 5800 α
1827 5755 1904 5804 suun·

380 5828 560 5910 1111111111
582 5825 955 5905 (11111111111151011111·
1113 5845 1286 5900 rectitudinis
1304 5843 1442 5909 labantur,
1456 5842 1484 5897 io
1495 5856 1551 5912 qtto
1569 5840 1699 5896 nimirum
1724 5838 1813 5908 major
1830 5841 1902 5896 antio

310 5940 446 6009 Querulum
461 5941 603 6010 proprium
622 5949 664 5996 cst
679 5955 822 5996 serrorum
845 5936 1062 6006 illummatus
1113 5938 1210 5994 salutis
1231 5938 1365 6007 ipsorum,
1386 5935 1571 6008 quibuscum
1595 5933 1743 5989 commissa
1763 5941 1897 5998 est,·coru

261 6031 417 6089 'coristituit
432 6030 568 6088 Dominus
589 6046 672 6101 snper
692 6031 824 6088 inmitium
848 6044 927 6087 suam
947 6026 1058 6096 (ileum.
1112 6030 1211 6085 sistere
1226 6030 1357 6086 ereditur.
1373 6026 1442 6084 Cum
1457 6028 1578 6085 eirnrims
1591 6025 1738 6098 pastoralis
1752 6039 1805 6082 non
1821 6038 1885 6096 arrae
