4584 6767
304 612 377 675 stat
1046 603 1199 684 illicita.
1861 612 1936 674 ertu

301 744 328 788 et
344 733 404 789 aliis
418 731 560 797 iratribus,
572 730 670 787 delicta
683 744 732 788 sua
746 726 949 791 confitentibus,
962 726 1092 797 spiritua·
1105 733 1129 791 Α
1142 742 1252 785 crucem
1275 734 1388 797 porum
1406 724 1545 781 Christum
1569 725 1750 795 sequoretur?
1771 724 1843 793 Quid
1865 741 1941 812 rete·

302 826 339 880 lia
354 825 520 879 ministrent.
536 823 570 879 Et
585 838 618 879 ne
636 822 774 894 colloquio
787 821 960 879 secularium
976 827 1023 875 aut
1035 819 1092 875 sul·
1142 818 1229 875 sarrcti
1259 817 1387 888 apostoli,
1411 817 1477 888 quid
1499 817 1590 873 ¹saucti
1622 816 1720 873 Patres
1746 816 1773 871 iu
1799 816 1931 888 Egypto,

303 914 446 970 licitudine
471 914 640 970 exteriorum
665 912 788 967 divinum
804 911 923 967 cilicium
943 910 1093 965 interrum·
1141 922 1260 981 quorum
1276 908 1390 978 uestigia
1412 907 1491 977 sequi
1508 907 1650 974 debemus,
1666 908 1720 963 nisi
1732 908 1844 979 uigiliis,
1858 908 1934 978 jeiu-

302 1016 393 1075 patur,
409 1015 436 1059 et
454 1021 531 1060 nrcrts
545 1004 704 1059 eorumdem
726 1003 860 1058 satietatis
873 1003 986 1057 intcrnae
1000 1001 1094 1058 dulce·
1142 1000 1207 1067 niis,
1222 999 1438 1056 morationibus
1454 1007 1482 1053 et
1495 998 1636 1055 laboribus
1655 1001 1782 1056 insistere
1799 1014 1833 1055 ea
1857 1013 1935 1057 mors
1982 1005 1985 1011 '

303 1094 377 1149 dinis
388 1095 567 1150 obliviscatur
580 1095 663 1164 (quod
676 1094 774 1148 beatus
786 1092 945 1163 Gregorius,
964 1089 1015 1147 sibi
1027 1106 1093 1148 cou-
1141 1092 1334 1163 postulabant?
1346 1092 1466 1162 denique
1479 1107 1550 1161 quos
1561 1092 1684 1148 redditus
1699 1103 1747 1147 aut
1764 1108 1826 1162 quae
1848 1091 1935 1164 patri·

304 1185 397 1258 tigisse
416 1186 618 1256 conqueritur),
644 1186 680 1240 ob
709 1185 762 1240 boc
786 1185 891 1240 scilicet
912 1183 1092 1254 temporalem
1141 1185 1622 1252 monia,setotumlrostiamrirem
1638 1183 1694 1240 Deo
1706 1186 1824 1255 quisque
1836 1192 1935 1255 sponte

303 1290 397 1328 curam
411 1275 485 1330 ceilae
503 1277 570 1332 solis
585 1275 725 1331 conuersis
740 1275 947 1340 committimus,
967 1274 1092 1344 quicum
1141 1277 1271 1344 offerens,
1286 1278 1339 1334 sibi
1352 1276 1387 1333 ad
1403 1276 1464 1334 bare
1484 1278 1607 1348 paranda
1632 1276 1660 1333 ιι
1686 1280 1790 1334 mundo
1805 1276 1934 1335 retinuit!

304 1367 330 1421 ιιι
346 1369 440 1423 laboro
455 1379 481 1424 et
497 1370 523 1423 iu
540 1370 646 1426 caeteris
661 1368 783 1438 agendis,
805 1368 867 1423 aliis
881 1366 1023 1433 iratribus,
1038 1367 1093 1422 cle-
1141 1384 1257 1441 prorsus
1268 1370 1353 1426 nulla.

304 1455 369 1511 ricis
396 1457 520 1515 uidelicet
542 1464 570 1512 et
596 1443 749 1523 conversis,
764 1471 820 1511 nou
831 1457 1029 1524 dominatione,
1043 1455 1093 1511 sed
1432 1460 1548 1518 CAPUT
1567 1461 1636 1519 tvl.

304 1547 437 1601 charitate
453 1547 621 1618 praecipiant,
636 1557 730 1602 custos
750 1546 872 1602 omniunt
889 1548 1022 1602 uirtutum
1040 1546 1094 1601 bu·
1139 1557 1144 1566 ’
1232 1551 1271 1606 De
1283 1568 1348 1606 eura
1364 1552 1543 1621 intirmorum,
1556 1567 1645 1607 uuum
1657 1567 1689 1605 ac
1703 1549 1842 1605 debilium.

303 1639 407 1692 militas
419 1638 503 1693 illaesa
514 1647 701 1694 conservetur.
719 1637 824 1708 Quippe
838 1639 896 1708 ipse
906 1638 1020 1693 Creator
1032 1651 1099 1692 om*
1180 1642 1209 1698 Si
1224 1642 1288 1713 quis
1301 1641 1387 1696 irater
1407 1642 1515 1713 urgenti
1531 1640 1607 1713 graui
1623 1641 1795 1718 indemitate,
1810 1654 1933 1696 conuen-

305 1729 380 1781 nium
394 1729 530 1783 creaturis
542 1730 611 1795 suis,
631 1728 724 1783 llarioe
739 1730 865 1786 ridelicct
876 1727 1025 1800 utnseplr,
1041 1729 1094 1786 ιιιι
1142 1744 1201 1793 urm
1217 1735 1296 1805 sequi
1312 1733 1478 1805 nequiverit,
1503 1733 1530 1788 ιι
1553 1733 1636 1788 domo
1659 1732 1833 1787 lubricorum
1853 1745 1934 1800 repo·

304 1820 444 1883 obediens,
461 1820 567 1875 dicente
580 1820 750 1892 Evangelio:
771 1820 806 1875 Et
825 1831 883 1877 erat
899 1822 1022 1877 subditus
1036 1821 1093 1878 illis
1142 1835 1236 1882 natur.
1251 1825 1339 1886 Porro
1358 1825 1433 1880 cellae
1454 1823 1630 1892 dispensator
1645 1838 1732 1878 uuum
1755 1819 1933 1888 fratremve!

305 1909 383 1980 (Luc.
400 1910 442 1980 ιι).
457 1909 651 1968 Verumtamen
667 1913 807 1977 omnibus,
820 1922 874 1967 tarn
888 1912 997 1969 clericis
1009 1928 1093 1985 quam
1143 1916 1247 1987 plures,
1260 1917 1284 1971 si
1296 1930 1409 1971 neeesse
1423 1913 1470 1984 sit,
1481 1913 1574 1983 eligat,
1589 1913 1638 1983 qui
1662 1913 1707 1968 die
1735 1921 1873 1982 noctuque
1884 1926 1933 1981 pa·

304 2003 457 2065 conversis,
471 2004 608 2072 expediret
625 2019 658 2059 ne
672 2005 809 2075 deinceps,
819 2005 842 2059 si
856 2005 914 2059 lieri
929 2012 1031 2074 posset,
1043 2020 1095 2073 sae·
1145 2008 1244 2080 tien-ter
1255 2014 1360 2078 aegroto
1386 2005 1522 2071 serviant,
1548 2013 1575 2059 et
1598 2004 1649 2059 soii
1672 2003 1786 2058 domum
1797 2002 1843 2058 ubi
1861 2016 1933 2073 aeger

304 2093 395 2146 culum
409 2093 542 2160 riderent,
564 2095 788 2165 quandoquidem
816 2095 882 2150 illud
906 2096 1092 2168 reliquerunt;
1108 2086 1131 2147 B
1145 2097 1228 2155 luerit
1257 2098 1454 2171 ingrediantur.
1481 2094 1577 2152 Ceteri
1593 2108 1658 2150 sero
1684 2091 1794 2158 iratres,
1810 2092 1868 2148 site
1893 2090 1933 2146 ibi

304 2185 350 2239 sed
370 2185 435 2254 quia
451 2186 546 2255 nequit
559 2187 627 2253 lieri,
648 2187 745 2247 saltem
760 2187 875 2242 clericos
890 2186 917 2241 in
941 2187 1037 2258 requie
1048 2187 1093 2243 di·
1142 2200 1296 2257 manentes,
1322 2190 1380 2246 sire
1403 2189 1514 2244 aliunde
1529 2187 1725 2249 advenientes,
1752 2199 1808 2240 uon
1828 2184 1934 2253 absque

303 2278 374 2332 rinae
392 2278 546 2333 dilectionis
567 2280 696 2334 volumus
719 2278 847 2335 retinere.
870 2278 1002 2335 Conversi
1027 2294 1093 2336 ιιιιι
1142 2282 1252 2339 licentia
1267 2280 1468 2353 dispensatoris
1478 2278 1620 2335 lnlirmum
1629 2276 1742 2332 visitare
1753 2283 1932 2347 praesumant.
2027 2281 2032 2294 '

304 2376 359 2423 tam
375 2383 425 2439 pro
441 2369 496 2424 illis
511 2384 595 2440 quam
611 2383 661 2439 pro
674 2370 840 2441 semetipsis,
852 2378 952 2427 exeant
971 2369 1092 2441 colloqui
1141 2374 1212 2431 Nam
1227 2390 1291 2431 eum
1308 2372 1409 2445 aliquis
1424 2371 1520 2439 trater,
1535 2369 1584 2441 qui
1605 2369 1652 2424 diu
1670 2369 1699 2425 iu
1713 2366 1858 2438 disciplina
1869 2366 1935 2423 reli-

303 2474 364 2515 cum
377 2467 456 2530 gente
468 2459 609 2515 exteriori.
625 2462 753 2517 Attamen
763 2461 930 2533 quaudoque
947 2461 1093 2532 egrediun-
1142 2465 1233 2537 pionis
1245 2445 1408 2536 permansit,
1425 2471 1453 2518 ct
1471 2475 1534 2518 cum
1551 2458 1690 2529 adjutorio
1705 2456 1752 2513 Ιιιι
1773 2466 1801 2514 ιι
1816 2456 1936 2529 pastoris

303 2559 347 2604 tur
361 2551 464 2617 clerici,
480 2565 543 2607 cum
563 2551 599 2605 ibi
615 2560 680 2607 sunt
693 2552 853 2608 necessarii.
877 2550 975 2622 ιιιιιι
1001 2558 1093 2607 umen
1143 2559 1198 2627 snt,
1212 2572 1263 2630 pro
1275 2572 1366 2629 posce
1379 2569 1443 2622 cuo,
1457 2554 1530 2610 cavit
1546 2567 1562 2608 a
1585 2551 1698 2620 seculo,
1716 2550 1826 2606 taudem
1840 2549 1935 2605 ineur-

302 2644 345 2690 082
358 2637 503 2705 sapientia,
526 2653 679 2708 mistaque
695 2638 896 2707 miselt'wtditt
918 2639 984 2695 dum
997 2640 1026 2695 1¹¹
1046 2654 1092 2697 ⁵0·
1143 2651 1180 2706 rit
1192 2648 1395 2721 egritudinem,
1408 2654 1437 2702 et
1447 2644 1494 2701 llui
1506 2659 1557 2700 suo
1567 2644 1624 2715 jam
1638 2642 1851 2714 appropinquat,
1865 2648 1935 2696 tuae

303 2739 379 2784 crcto
393 2728 439 2784 bct
465 2740 582 2801 possunt
599 2733 761 2802 quiescere,
790 2740 820 2788 ut
841 2734 879 2789 ibi
905 2732 1093 2790 maneantur
1142 2744 1281 2815 praecipue
1305 2739 1404 2810 majori
1429 2737 1534 2809 indiget
1549 2735 1686 2799 custodia,
1714 2732 1826 2804 quaudo
1841 2732 1933 2787 anima

302 2836 478 2878 communem
489 2822 612 2878 omnium
627 2824 783 2881 utilitatem.
795 2823 1092 2892 Natusimenseururu
1143 2832 1232 2906 ipsiu,
1259 2830 1412 2888 mercedem
1426 2844 1505 2886 suam
1522 2828 1602 2884 debet
1614 2826 1759 2897 recipere:
1776 2825 1860 2880 ueluti
1870 2839 1935 2881 cur·

303 2920 487 2982 occuparetur
507 2912 541 2967 ad
569 2914 740 2984 temporalia,
767 2916 863 2987 procul
887 2915 973 2972 dubio
1000 2916 1093 2973 minus
1143 2937 1232 2990 sores,
1259 2930 1325 2978 turre
1343 2920 1453 2991 penitus
1476 2918 1630 2984 enituntur,
1653 2932 1722 2972 cum>
1740 2929 1824 2986 prope
1841 2914 1934 2971 luculli

302 3004 366 3058 aliis
397 3003 575 3073 providerent
600 3012 712 3059 aeterna.
740 3004 904 3077 Quicunque
926 3021 991 3063 sero
1017 3006 1094 3064 iores
1143 3023 1219 3082 surra,
1243 3014 1290 3071 ubi
1316 3027 1416 3069 cursus
1438 3025 1535 3067 eorum
1559 3008 1643 3065 luerit
1658 3015 1881 3073 consummatus;
1908 3005 1933 3062 si

294 3094 491 3164 ,egrediuntun
510 3104 623 3151 caream
640 3112 674 3152 nc
701 3097 728 3152 ιι
756 3098 894 3168 colloquio
918 3100 1092 3156 saecularium
1143 3108 1217 3164 enim
1229 3107 1306 3178 prius
1318 3115 1504 3171 remanerem,
1516 3102 1618 3158 frustra
1630 3100 1811 3155 laborassent.
1818 3096 1934 3167 Propter

301 3186 486 3253 delectentur;
506 3202 561 3257 quo
585 3190 656 3244 enim
678 3191 797 3260 amplius
821 3191 858 3245 ibi
872 3191 1091 3260 delectabuntur,
1143 3199 1198 3255 boe
1211 3196 1320 3269 expedit
1332 3194 1476 3268 agrotami
1489 3191 1636 3262 discipulo,
1648 3205 1684 3246 ne
1694 3189 1761 3261 quid
1775 3189 1809 3244 dc
1823 3185 1934 3258 negotio

302 3291 336 3331 oo
349 3276 438 3345 majus
449 3277 653 3335 incommodum
663 3282 813 3351 patientur.
821 3280 922 3337 Verum
934 3283 957 3337 si
967 3283 1094 3339 obedien·
1143 3289 1236 3346 saculi
1247 3286 1352 3355 audiat,
1364 3286 1437 3342 uude
1447 3285 1562 3356 spiritus
1574 3298 1642 3339 suus
1657 3282 1759 3353 cogitet
1771 3280 1937 3335 uanitatem

302 3370 340 3425 tia
352 3369 503 3440 permittat,
518 3372 607 3443 magis
621 3373 778 3429 desiderent
806 3374 834 3429 in
861 3380 967 3430 secreto
982 3375 1092 3446 -jugiter
1117 3402 1120 3406 ·
1143 3380 1307 3451 Quantoque
1317 3394 1381 3435 eum
1405 3370 1586 3449 paucioribus
1608 3373 1736 3452 loquetur
1761 3371 1932 3435 bominibus,

303 3476 464 3531 permanere
475 3478 560 3533 quam
570 3463 823 3532 lorasexire;nam
835 3466 858 3522 si
870 3465 943 3523 [leus
953 3467 1027 3523 intus
1037 3481 1090 3523 nou
1101 3439 1127 3540 *c
1144 3472 1237 3529 minus
1250 3480 1294 3527 est
1305 3470 1369 3527 inde
1378 3468 1534 3525 auditurus.
1547 3464 1661 3537 Oportet
1676 3474 1768 3521 autem
1781 3480 1844 3520 euru
1860 3478 1934 3519 seru·

304 3555 453 3624 invenitur,
470 3556 537 3613 ioris
562 3558 667 3628 absque
688 3558 772 3614 dubio
792 3558 906 3615 minime
930 3561 1092 3630 reperietur,
1143 3581 1193 3638 per
1207 3563 1356 3621 confortari
1369 3562 1396 3616 ln
1413 3560 1540 3615 Domino.
1554 3555 1615 3627 lpse
1632 3569 1752 3626 qnoque,
1777 3554 1800 3608 δί
1821 3552 1935 3623 Sillim

304 3648 437 3704 nimirum
452 3650 511 3721 ipse
535 3649 608 3707 beus
623 3652 720 3708 amicis
735 3651 794 3709 suis
814 3652 916 3723 sepius
931 3661 959 3708 et
973 3649 1094 3707 lamilia·
1143 3655 1238 3721 luerit,
1264 3654 1338 3709 dicet
1361 3648 1538 3720 loquentibus
1559 3662 1654 3704 secum
1677 3663 1686 3700 a
1704 3663 1714 3697 ι
1734 3644 1823 3699 Sinite
1843 3659 1888 3699 rae
1903 3641 1934 3700 ιι

305 3743 364 3798 rius
375 3744 402 3798 in
415 3755 522 3801 ιιιιιιο
536 3761 618 3815 quam
633 3747 661 3800 in
683 3746 792 3816 publico
811 3753 916 3801 secreta
939 3760 990 3801 sua
1012 3759 1094 3801 rere-
1139 3760 1211 3820 pace
1226 3757 1348 3809 manere,
1371 3749 1399 3796 et
1412 3741 1508 3810 jurate
1527 3751 1571 3792 me
1585 3736 1685 3792 restris
1699 3734 1884 3798 orationibus,
1902 3739 1934 3788 ut

304 3835 361 3892 lare
379 3838 522 3893 consuerit
542 3854 548 3891 :
567 3839 650 3893 rcrbi'
670 3838 768 3907 gratia,
795 3846 826 3893 ut
846 3838 933 3892 beatae
956 3836 1049 3891 ilariae
1064 3836 1092 3892 iu
1142 3851 1192 3892 cor
1207 3849 1297 3890 meum
1312 3831 1422 3888 assidue
1437 3829 1493 3886 ileo
1507 3829 1596 3899 possit
1615 3826 1766 3882 adhaerere.
1787 3824 1892 3891 »Quod
1907 3824 1932 3878 si

304 3927 437 3990 thalamo,
451 3926 551 3982 loanni
566 3927 695 3997 Baptistae
706 3929 742 3986 ιι,
753 3940 857 3990 eremo,
872 3925 965 3994 Petro,
977 3923 1092 4000 Iacobo,
1144 3930 1172 3985 ιι
1186 3928 1265 3995 ιιιιι,
1278 3926 1380 3997 quibus
1401 3921 1535 3994 indigebit
1547 3919 1657 3975 abunde
1673 3934 1726 3972 uon
1737 3915 1852 3982 iuerint,
1868 3925 1933 3971 aute
2027 3990 2035 4005 ·

303 4016 404 4086 loanni
420 4018 447 4073 in
459 4027 563 4087 monte,
578 4034 629 4075 uec
648 4034 704 4074 uon
720 4018 807 4075 eidem
820 4017 920 4075 ioanni
933 4016 960 4073 iu
980 4018 1091 4075 exsilio.
1142 4020 1329 4077 ecclesiastica
1350 4023 1522 4092 ornamenta,
1538 4012 1650 4070 servitio
1665 4010 1713 4065 Dei
1735 4011 1872 4080 deputata,
1886 4023 1936 4065 re·

304 4110 338 4166 Et
351 4110 552 4168 sicdccaeteris
569 4111 785 4181 iutelligendum.
913 4152 916 4156 ⁷
1143 4108 1474 4180 nrtadaripraecipimus,
1503 4120 1588 4177 quam
1611 4118 1708 4160 eorum
1723 4118 1793 4173 ‘qua
1818 4101 1935 4156 licenter

600 4201 716 4278 strui
735 4201 800 4260 tv.
1142 4202 1331 4273 postulaverit,
1347 4200 1468 4270 inopiam
1490 4199 1611 4279 patiatur
1626 4189 1778 4261 'inlirmus3
1795 4207 1858 4247 nam
1874 4192 1933 4263 ipse

454 4295 491 4350 De
501 4296 689 4351 distributione
700 4297 783 4352 rictus
799 4306 824 4352 et
837 4297 957 4354 uertitur.
1069 4335 1072 4340 -
1142 4294 1273 4366 ternplum
1285 4302 1327 4348 est
1338 4292 1364 4346 ιι
1379 4307 1435 4361 quo
1448 4290 1521 4346 Deus
1532 4289 1647 4344 babitat.
1657 4288 1782 4357 Cumque
1796 4290 1933 4356 poteraut

341 4386 436 4443 irater
453 4389 501 4459 qui
516 4389 590 4445 cellae
604 4405 699 4446 curam
712 4390 778 4461 agit,
791 4398 925 4461 proutrm
937 4405 968 4445 se
988 4386 1093 4445 babue·
1143 4384 1242 4453 mater,
1256 4386 1300 4440 rel
1313 4386 1445 4457 quislibet
1455 4384 1515 4453 ejus
1530 4379 1671 4438 saecularis
1685 4379 1803 4443 anricus,
1817 4376 1851 4431 ad
1866 4389 1931 4429 eum
2025 4385 2028 4393 ¹

305 4479 350 4548 ιιι,
364 4477 495 4536 iratribus
510 4481 623 4549 prouida
635 4481 839 4550 dispensatione
857 4482 959 4537 rictum
972 4479 1094 4538 ιιιιιιι·
1143 4478 1249 4550 ingredi
1269 4494 1323 4533 non
1337 4476 1553 4548 permitteretur,
1576 4472 1675 4527 iratres
1687 4467 1787 4525 debent
1808 4481 1934 4525 summos

305 4583 363 4628 tum
375 4573 532 4638 distribuat
546 4574 613 4629 illud
627 4574 702 4644 quod
725 4574 752 4628 ιι
772 4574 887 4630 Actibus
904 4573 1091 4644 apostolorum
1142 4584 1314 4641 perecuram
1338 4568 1412 4624 illius
1430 4560 1528 4638 agere.¹
1547 4562 1658 4619 Nullum
1685 4561 1768 4617 etiam
1792 4558 1932 4629 negotium

305 4667 416 4737 legitur,
428 4645 594 4722 attendens:
607 4665 643 4719 Et
654 4676 730 4721 ιιαιιι
753 4667 809 4723 illia
821 4669 911 4723 omnia
928 4667 1090 4735 commuuio,
1142 4661 1285 4732 rcqutoms
1295 4674 1450 4730 comparari
1464 4656 1536 4711 valet
1545 4652 1639 4726 aegroti
1654 4651 1778 4718 seruitio,
1794 4649 1848 4705 nisi
1871 4658 1934 4704 tau-

304 4758 502 4828 necquicquam
516 4771 592 4826 eqeut
612 4764 670 4810 erat
688 4756 757 4810 iuter
777 4755 855 4820 illoe,·
876 4763 903 4811 et
923 4753 1093 4810 diuidebatur
1107 4777 1130 4834 ῃ
1145 4762 1202 4810 tum
1213 4750 1335 4808 divinum
1354 4750 1484 4806 cilicium.

303 4848 428 4921 siusulir,
441 4848 855 4919 prouteuiqueopueeratfflet.
872 4850 922 4921 rr).
941 4841 1015 4904 ιἰιιιι
1033 4848 1091 4904 buc
1179 4844 1299 4901 Senibus
1312 4857 1423 4914 quoque
1436 4856 1469 4897 ac
1486 4838 1621 4894 debilibus
1637 4812 1777 4892 humiliter
1798 4843 1826 4889 et
1852 4830 1933 4887 solli

304 4954 356 4994 ιιι
367 4955 425 5009 ipse
444 4940 618 5009 dispensator
636 4954 686 4994 ιιι
713 4939 785 4994 alius
803 4938 886 4995 irater
913 4939 965 4995 sibi
985 4947 1091 4996 tantum
1142 4935 1363 4994 citenecessaria
1386 4934 1597 4989 ministrantes:
1612 4930 1687 4983 Alter
1714 4927 1826 4981 alterius
1850 4937 1933 4978 onere

305 5032 408 5103 aliquid
426 5033 460 5089 ad
474 5033 608 5088 edcudum
626 5047 717 5103 parari
711 5033 859 5104 ',postuiet
871 5047 921 5088 uec
933 5034 1016 5087 etiam
1030 5047 1093 5087 om·
1140 5039 1256 5100 portate,
1270 5038 1294 5082 et
1319 5027 1358 5080 sic
1371 5024 1550 5095 adimplebitis
1572 5023 1655 5091 lepem
1670 5018 1770 5074 Cicirri
1793 5013 1867 5085 (Gal.
1879 5009 1929 5084 rr),

305 5126 386 5181 nibus
405 5126 597 5193 communiter,
626 5125 680 5181 uisi
703 5125 780 5180 solus
802 5125 985 5194 dispensator.
1011 5122 1091 5191 Quod
1141 5116 1425 5176 iiludctiamllomini
1453 5122 1619 5185 praeceptum
1646 5103 1931 5174 lideliteradimpleu·

304 5218 404 5287 siquis
422 5218 530 5287 petunt
546 5232 660 5272 omnmo
674 5231 729 5271 uon
748 5216 921 5280 exaudiatur,
943 5214 996 5269 nisi
1022 5212 1093 5270 torte
1141 5203 1648 5279 tesaQuoecunqueuuitisutlaeraut
1670 5195 1930 5260 resisteremus

304 5319 431 5379 aegrotem
459 5310 602 5377 aegrotanti
626 5308 718 5371 enim,
745 5323 808 5364 cum
836 5307 911 5362 omni
937 5306 1092 5361 bumilitate
1141 5318 1185 5357 roe
1200 5303 1282 5368 [uerte
1295 5299 1353 5353 stlta
1372 5296 1496 5351 semeleter
1509 5290 1619 5363 (uetat.
1638 5288 1699 5358 ru).

243 5452 255 5480 „
304 5414 335 5454 ιι
337 5399 451 5454 suatur
471 5398 598 5455 Proiecto
612 5401 659 5470 qui
675 5400 751 5455 diros
769 5409 828 5454 erat
844 5399 871 5454 in
888 5399 987 5470 saeculo
1012 5396 1092 5453 ualde
1420 5404 1536 5463 cppup
1561 5400 1640 5458 qup

304 5490 529 5560 reprehensibilis
541 5499 583 5546 cst
597 5491 621 5544 si
640 5490 668 5546 ιι
685 5490 738 5546 ιιι
762 5490 931 5562 paupertatis
948 5488 1090 5559 religione,
1142 5510 1182 5565 De
1195 5505 1358 5593 ,empwpqg
1371 5499 1525 5581 jejunandi
1539 5498 1612 5551 ioris
1628 5492 1774 5565 reficiendi,
1794 5500 1820 5547 et
1837 5491 1932 5561 peuere'

303 5580 379 5639 aliud
404 5596 487 5651 quam
513 5590 700 5652 parrpertatem
715 5583 844 5652 postulet.
867 5580 963 5638 Nonne
978 5581 1047 5636 cibis
1064 5588 1092 5635 et
1471 5571 1599 5624 ciborum.

302 5674 428 5730 restibus
448 5674 571 5729 delicatis
584 5676 652 5730 satis
669 5676 834 5731 abundarit?
846 5673 901 5730 Cur
915 5689 982 5745 erqo
995 5673 1092 5743 hujus·
1178 5672 1311 5728 Asaucto
1325 5664 1431 5721 Pascha
1443 5676 1531 5731 usque
1550 5659 1584 5715 ad
1609 5658 1809 5714 Eraltationem
1828 5663 1931 5711 ιιιιιιι

305 5765 379 5820 modi
399 5767 517 5836 amplius
536 5766 724 5822 desideraret?
741 5765 897 5824 Praesertim
918 5766 965 5837 qui
987 5777 1093 5836 pauper
1142 5763 1244 5828 crucis,
1269 5761 1312 5817 bis
1330 5760 1358 5813 iu
1375 5758 1437 5824 die,
1459 5756 1550 5828 primo
1572 5750 1700 5807 uidelicet
1719 5758 1782 5821 post
1803 5755 1929 5812 sextam,

304 5856 356 5911 luit
382 5858 408 5912 in
435 5860 546 5924 saeculo,
563 5873 617 5927 qua
640 5858 746 5913 ratione
773 5858 884 5913 diritius
905 5865 1040 5928 quaereret
1062 5856 1090 5911 iu
1141 5865 1170 5912 et
1185 5854 1381 5922 secundopost
1394 5862 1533 5919 resperas.
1546 5842 1808 5901 relectionemrobis
1821 5852 1931 5895 sumere

303 5965 405 6016 eremo,
420 5966 488 6022 quas
501 5950 601 6005 babere
611 5965 665 6005 non
676 5958 783 6021 poterat
794 5949 823 6014 ιι
836 5945 958 6005 mundo?
968 5948 1009 6004 sd
1021 5962 1092 6020 quas
1142 5948 1340 6020 disponimus,
1367 5941 1491 6012 exceptis
1511 5938 1626 6010 jejuniis
1654 5937 1681 5990 iu
1703 5933 1786 6004 hujus
1799 5931 1931 6001 temporis

304 6044 377 6100 euim
395 6043 519 6114 delicias,
540 6042 729 6115 uuusquisque
752 6041 806 6099 buc
824 6040 951 6109 accessit,
979 6041 1032 6098 uisi
1059 6048 1090 6095 ut
1143 6033 1419 6109 spatioconstitutis.
1449 6029 1550 6089 lerum
1576 6028 1612 6085 ab
1636 6024 1808 6084 Exultatioue
1828 6028 1932 6080 ιιιιιιι
1994 6069 1996 6074 .
