4584 6767
320 637 376 698 sss

839 634 996 693 sanarint
1017 623 1295 694 canrunm'rrist's
1309 625 1525 695 ‘taeniense

1899 635 1961 694 ’1111

319 743 512 828 ¹discipulorum
528 753 596 821 elue
613 743 665 819 Qui
677 754 743 818 eigo
754 752 831 805 ertra
846 751 1016 822 disciplinam
1030 762 1107 818 suunt,
1123 758 1146 812 Α
1161 755 1199 808 rit
1214 755 1240 808 in
1255 768 1317 810 eutn
1332 753 1456 809 Satanas.
1472 751 1550 806 Prius
1565 766 1629 822 ergo
1640 751 1807 818 intrauerat,
1822 753 1968 810 mittendo-

320 850 367 918 qui
396 845 556 916 nangistcrio
578 842 680 898 Citristi
708 842 808 897 subditi
833 859 886 899 non
909 855 989 908 sunu
1006 845 1050 913 qui
1066 861 1109 900 sc·

318 937 436 994 erundum
462 945 539 990 stram
572 932 750 996 sententiam,
772 948 825 988 uon
844 933 991 988 secuudum
1007 933 1107 991 Cltiisti

319 1027 471 1081 doctrinam
489 1024 572 1079 vitani
587 1022 752 1088 instituuut;
775 1022 820 1076 isti
836 1022 870 1077 ab
885 1023 938 1078 ltac
966 1024 1053 1092 gratia
1070 1026 1107 1079 ita

320 1125 383 1172 sum
392 1115 486 1178 alieni,
503 1103 576 1169 sic'ut
592 1107 701 1168 nomine
713 1111 907 1182 discipulorum
920 1124 983 1169 sunt
996 1116 1108 1187 indigui.

355 1207 395 1263 Er
422 1205 633 1275 trr,tlcctrrrr.
658 1203 743 1258 Verba
767 1204 934 1273 praemissa:
964 1224 973 1259 r
998 1208 1109 1279 decepit

320 1293 398 1350 buu
414 1310 521 1366 panem,
538 1314 547 1347 r
564 1304 632 1360 etc„
647 1306 731 1364 rasum
744 1292 783 1350 a‘d'
794 1295 916 1365 uerbum,
928 1315 937 1350 r
951 1275 1107 1369 Accipitei
1125 1301 1131 1310 '

320 1391 400 1446 rerba
421 1400 483 1446 stant
499 1387 671 1460 evangelista
681 1386 789 1461 (llottb.
802 1390 897 1458 riri),
911 1392 1009 1460 umbus
1025 1392 1110 1448 reler-

319 1492 364 1536 urr
391 1482 456 1553 quid
477 1482 572 1537 lecerit
593 1467 687 1539 lesus:
706 1494 733 1537 et
756 1497 818 1536 mox
844 1481 1016 1554 subjttngitur'
1038 1477 1109 1553 quanti

319 1574 402 1629 dixit:
414 1593 423 1625 r
436 1573 568 1645 decipite,
577 1593 586 1625 r
596 1573 693 1644 inquit.
704 1574 829 1639 llli‚rcctc
841 1574 967 1630 dicuntur
976 1575 1109 1646 accipere,

219 1654 224 1661 ’
320 1664 418 1733 utribus
429 1663 505 1729 dicit,
520 1664 653 1733 decipite,
677 1665 775 1737 utribus
796 1666 853 1736 ipse
867 1666 925 1728 dat,
943 1665 1042 1736 qrtibus
1064 1679 1111 1722 sc-

321 1753 437 1824 eiplmdi
452 1753 588 1810 licentiam
603 1763 711 1822 praestat
724 1756 875 1812 auctoritas
890 1752 1043 1821 tribuentis,
1056 1770 1110 1811 nou

321 1847 495 1914 praesumptio
513 1843 628 1914 propria
652 1844 808 1902 voluntatis.
825 1847 893 1902 Nam
907 1847 952 1916 qui
967 1846 1110 1917 impuden-

323 1941 366 1985 ter
381 1941 407 1986 et
424 1933 607 1988 irreverenter
621 1947 651 1988 se
665 1934 801 2006 ingerunt,
814 1937 899 2009 tnagis
911 1936 1018 2009 rapiunt
1030 1952 1111 2008 quarn

1160 836 1248 901 iu'eor
1262 845 1320 912 ejus
1334 845 1538 914 cogitationem,
1560 859 1614 914 qnia
1631 845 1750 899 traderet
1768 843 1925 898 cnr-istum.
1942 864 1952 897 a

1160 939 1193 994 Ec
1208 930 1295 992 intra:
1311 948 1326 987 r·
1337 936 1516 996 lluncantem
1530 945 1591 1009 post
1607 921 1703 1007 panem
1717 936 1828 991 intrarit
1845 936 1953 1002 irretrm,

1161 1047 1212 1087 raon
1229 1032 1262 1086 ad
1277 1035 1339 1095 buc,
1356 1040 1385 1085 ut
1409 1031 1528 1086 alienum
1549 1037 1678 1096 tentaret,
1692 1028 1740 1084 sed
1763 1036 1793 1083 nt
1813 1028 1957 1098 proprium

1161 1123 1320 1193 possideret.
1337 1121 1395 1177 Nou
1412 1132 1515 1186 autem,
1534 1130 1564 1177 ut
1578 1129 1675 1192 putant
1688 1120 1799 1190 qrridam
1815 1120 1952 1191 negligen-

1162 1221 1203 1266 ter
1218 1213 1348 1283 legentes,
1372 1225 1434 1270 nme
1448 1213 1531 1269 ludas
1545 1211 1646 1268 Cbristi
1659 1225 1757 1280 eorpus
1772 1210 1890 1280 acecpit.
1908 1210 1949 1264 lu-

1161 1304 1337 1371 telligendum
1346 1306 1430 1370 eninr,
1444 1303 1578 1374 quodiam
1590 1302 1717 1358 omnibus
1727 1301 1767 1357 eis
1777 1303 1953 1358 distribuerat

1163 1395 1500 1474 llomimtssacramentum
1510 1397 1667 1466 corporiset
1681 1394 1823 1465 sanguinis
1839 1393 1894 1456 sui,
1908 1393 1951 1447 nbi

1161 1498 1189 1544 et
1206 1489 1262 1560 ipsc
1280 1480 1364 1543 badas
1376 1497 1445 1552 erat,
1460 1489 1529 1543 sicut
1552 1490 1630 1545 clivus
1645 1487 1733 1544 [treas
1751 1488 1953 1544 evidentissime

1162 1589 1276 1635 narrat:
1291 1596 1323 1634 ae
1334 1569 1432 1634 deinde
1444 1580 1538 1635 adbuc
1553 1588 1663 1635 rentum
1677 1589 1728 1647 est,
1743 1580 1787 1634 nbi
1803 1580 1951 1635 secundum

1164 1670 1349 1724 narrationem
1363 1666 1489 1734 Ioannis,
1503 1669 1672 1738 apertissime
1685 1669 1815 1724 Dominus
1828 1684 1877 1740 per
1889 1669 1953 1724 buc-

1162 1761 1256 1817 cellam
1283 1763 1394 1819 tinctam
1422 1773 1504 1835 atquae
1532 1774 1687 1835 porrectam
1717 1775 1797 1819 suum
1824 1764 1953 1839 exprimit

1163 1850 1340 1918 traditorem,
1366 1851 1491 1911 fortassis
1517 1870 1565 1926 per
1585 1854 1662 1924 panis
1688 1854 1850 1909 tinctionem
1881 1854 1958 1909 illius

1163 1940 1318 2012 significans
1345 1926 1515 2002 lictionem⁴m
1533 1946 1648 2016 Propter
1662 1953 1718 2000 trcs
1734 1953 1831 2001 carneas
1856 1945 1955 2015 predi·

221 2040 224 2045 ¹
316 2023 459 2094 ¹accipiunt
473 2041 479 2079 :
492 2026 520 2077 ut
536 2034 630 2079 contra
648 2040 743 2082 corum
756 2028 994 2098 presumptionem
1008 2029 1110 2085 dictum
1163 2044 1232 2100 ctas,
1255 2035 1317 2090 sire
1336 2045 1511 2106 urrascunque
1535 2038 1615 2105 alias,
1636 2053 1700 2093 estis
1725 2036 1781 2091 reri
1807 2034 1878 2106 beni
1895 2039 1960 2106 post'

323 2116 686 2187 rideatur,rberipite:›
712 2133 774 2174 eum
797 2119 965 2190 praemissum
989 2121 1112 2185 siceum
1165 2133 1281 2179 mortem
1305 2123 1409 2180 Christi
1434 2126 1460 2180 ln
1489 2126 1609 2182 Ecclesia
1640 2125 1868 2196 frequentandus,
1892 2132 1956 2179 ante

322 2209 440 2265 dedisse.
465 2207 542 2264 Unde
565 2223 627 2264 cum
647 2197 699 2264 boc
718 2219 917 2265 sacramentum
941 2211 1114 2282 dispensatur
1163 2209 1282 2279 ejusdem
1299 2222 1465 2269 mortemon
1481 2215 1633 2281 institutus,
1652 2227 1679 2273 ct
1695 2213 1857 2284 ipsoutcndi
1872 2213 1953 2269 niodo

323 2299 452 2370 irnliguis,
464 2300 674 2371 magiscapitnr,
686 2315 766 2370 quarn
779 2302 950 2371 ‹laturzquia
963 2303 1114 2372 accipiendi
1164 2304 1218 2371 ouo
1233 2306 1362 2358 utendum
1378 2312 1431 2370 cst,
1444 2290 1505 2359 moi
1525 2305 1636 2361 innisum
1652 2314 1817 2373 assumptus.
1831 2303 1893 2375 lpse
1908 2319 1958 2359 au«

322 2391 432 2447 licentia
445 2391 485 2446 eis
501 2405 553 2444 non
565 2399 717 2459 prestatur,
731 2385 960 2460 urribnscccipcre
976 2406 1027 2445 non
1039 2391 1113 2456 licet,
1167 2403 1220 2449 tem
1249 2405 1353 2450 naturas
1370 2396 1476 2462 ereline,
1501 2408 1527 2453 et
1548 2400 1624 2468 qrtasi
1648 2399 1776 2454 vescendi
1801 2399 1872 2468 lege,
1893 2410 1963 2452 esus

321 2485 381 2540 lton
398 2483 471 2539 enim
495 2482 596 2538 babent
609 2491 771 2553 potestatem
785 2482 947 2552 accipiendi,
965 2483 1034 2537 sicut
1046 2483 1115 2539 scri·
1166 2485 1247 2559 typici
1264 2485 1324 2557 agni
1347 2494 1461 2541 mortem
1481 2487 1571 2556 ipsius·
1585 2485 1679 2545 irostiae
1701 2502 1784 2560 qnam
1800 2488 1955 2558 praecedere

324 2586 398 2643 ptum
411 2582 453 2628 est
466 2583 473 2626 τ
488 2591 498 2624 r
515 2567 792 2636 ilabemusaltare,de
806 2570 1113 2641 qrtoederepotestatcm
1166 2591 1220 2631 non
1234 2577 1337 2641 debuit,
1349 2575 1412 2645 quia
1428 2590 1477 2631 nec
1493 2577 1590 2646 potuit,
1600 2584 1707 2633 secutus
1721 2585 1781 2641 esc;
1795 2584 1824 2630 et
1838 2575 1960 2631 bostiam

324 2682 377 2718 nan
387 2663 497 2731 babent,
511 2662 556 2732 riui
569 2660 745 2717 tabernaculo
754 2661 908 2717 deserviunt
916 2660 1009 2733 (lle'br.
1017 2663 1088 2734 riri).
1102 2681 1112 2716 r
1142 2667 1218 2735 .jatu
1236 2675 1370 2721 mortuam
1390 2665 1544 2730 comedere,
1562 2681 1614 2720 uon
1638 2664 1725 2721 solum
1742 2666 1891 2720 secundum
1907 2681 1958 2720 na·-

326 2753 671 2811 l'ertuntamensecnnduur
680 2754 824 2823 quemdam
836 2752 944 2808 modum
956 2753 1113 2826 dieipotest,
1167 2768 1267 2824 turam,
1286 2758 1332 2813 sed
1358 2757 1442 2812 etiam
1456 2757 1606 2812 secundnm
1632 2756 1731 2825 legem,
1748 2755 1870 2811 solemne
1882 2766 1959 2811 erat.»

324 2852 352 2900 rt
365 2845 486 2913 indignis
508 2843 800 2915 111118111111111111118
822 2843 988 2916 accipitsed
1014 2846 1113 2917 1101111.
1165 2849 1199 2906 lit
1222 2852 1347 2921 utramuis
1374 2851 1432 2920 cjtts
1448 2859 1524 2906 alors
1547 2849 1702 2906 liberatoris
1725 2858 1839 2904 ntortem
1864 2860 1957 2920 posset

326 2936 392 2991 siem
406 2933 522 3007 gladium
536 2935 671 3005 accipiunt
686 2935 734 3000 illi,
747 2935 780 2990 de
793 2935 891 3006 quibus
903 2935 1018 2991 dicitur:
1032 2936 1116 2992 rOm·
1166 2937 1335 3009 significare,
1359 2953 1413 2993 uon
1438 2947 1546 3008 poterat
1573 2947 1663 2993 tamen
1679 2937 1721 2992 vel
1738 2954 1811 2993 mors
1826 2939 1873 2994 rel
1893 2955 1959 2996 esus

310 3034 374 3085 'urs
386 3029 432 3098 qui
448 3025 567 3099 gladium
581 3027 748 3097 acceperint,
763 3024 853 3098 gladio
867 3026 995 3098 peribunt
1005 3026 1074 3097 illut
1086 3029 1114 3085 la.
1165 3027 1234 3105 citus,
1244 3027 1290 3096 qui
1303 3018 1391 3082 morte
1403 3036 1430 3082 ct
1441 3042 1489 3082 esu
1504 3028 1723 3092 consumebatur,
1733 3027 1775 3083 rel
1788 3029 1868 3083 uitam
1877 3029 1958 3096 dare,

326 3122 413 3192 aaut).
428 3139 438 3172 a
458 3119 618 3190 Quicunque
633 3119 705 3173 enim
719 3128 882 3189 potestatem
893 3118 1044 3185 ittrbcandi,
1055 3131 1116 3190 qtrae
1155 3116 1208 3189 rel
1223 3131 1238 3170 a
1252 3126 1342 3170 morte
1357 3115 1485 3172 liberare..
1500 3118 1534 3172 nt
1549 3133 1612 3171 esus
1623 3119 1680 3173 reri
1695 3117 1776 3187 Aeni,
1788 3133 1842 3175 non
1857 3134 1956 3177 secuu-

326 3227 374 3284 per
385 3212 503 3283 gladium
529 3217 615 3280 potest
637 3209 793 3278 significari,
818 3224 871 3263 non
888 3208 939 3264 sibi
955 3208 1113 3264 traditama
1166 3205 1229 3260 dum
1247 3204 1371 3260 ordinem
1394 3205 1435 3260 rel
1451 3205 1518 3274 legis
1537 3204 1579 3259 rel
1597 3209 1716 3270 naturae,
1735 3206 1781 3259 sed
1805 3206 1982 3262 secundum:

243 3367 247 3381 ,
327 3303 460 3372 strperiori
478 3309 624 3372 potestate.
640 3299 687 3352 sed
699 3312 747 3367 per
762 3313 805 3363 sc,
822 3298 848 3352 id
866 3305 909 3352 est
922 3312 970 3353 sua
986 3309 1115 3367 praesum·
1165 3295 1307 3365 quemdam
1320 3293 1441 3348 ordinem
1453 3296 1557 3365 gratia,
1569 3294 1690 3365 ejusdem
1707 3304 1822 3350 mortem
1837 3309 1960 3364 praeces·

327 3390 417 3466 ptionc
427 3393 573 3465 accipiunt,
585 3392 611 3446 lii
620 3391 708 3463 gladie
720 3385 861 3462 peribunt;
874 3386 937 3460 quia
949 3387 1115 3458 acceptionis
1127 3414 1150 3471 c
1166 3387 1260 3458 sitiat
1271 3386 1359 3443 hostia
1375 3384 1464 3442 adhue.
1478 3389 1557 3453 risa,
1573 3396 1599 3444 et
1615 3403 1677 3443 mos
1698 3391 1840 3455 moritura,
1853 3388 1955 3444 denuo·

327 3485 563 3556 presumptionem
578 3481 604 3537 in
617 3480 748 3551 judicium
766 3479 817 3533 sibi
833 3485 1007 3534 conivertunt.
1166 3495 1219 3549 qtae
1234 3480 1354 3544 uictura,
1370 3479 1492 3535 ordinem
1519 3480 1614 3549 gratiae
1635 3478 1873 3548 euctemon-qnam
1891 3493 1955 3549 ope·

364 3577 403 3634 Er
424 3590 570 3632 consonas.
595 3571 650 3629 llec
663 3570 827 3630 saerillcium
844 3585 859 3624 a
877 3567 991 3624 bomine
1006 3567 1115 3623 institu-
1167 3581 1244 3628 ratur
1259 3569 1287 3626 lu
1303 3569 1398 3634 nobis,
1417 3569 1493 3638 carius
1516 3568 1615 3625 uirtute
1636 3570 1912 3632 viribearadisumus,
1927 3577 1956 3621 ut

329 3677 385 3723 trnrn
400 3674 453 3731 cet,
470 3680 523 3721 non
544 3665 631 3722 sultam
656 3663 690 3719 ad
712 3644 891 3726 offerendum,
908 3662 956 3717 sed
975 3671 1003 3715 et
1022 3659 1056 3714 ad
1069 3673 1115 3714 co·
1166 3665 1266 3729 sobrie,
1281 3672 1309 3718 et
1323 3661 1407 3730 juste,
1422 3673 1449 3716 ct
1460 3661 1503 3730 pie
1521 3661 1644 3716 uiuamus
1656 3671 1719 3717 ante
1732 3671 1844 3739 mortem
1859 3678 1866 3715 ε
1879 3657 1957 3728 culm

328 3752 783 3826 eredendum.Proptcrquodnuuc
793 3751 907 3810 dieitur:
924 3766 933 3804 t
949 3750 1113 3806 comedite.»
1168 3756 1267 3810 virtute
1278 3751 1414 3807 mentiendi
1426 3766 1530 3815 suamne,
1540 3760 1569 3807 nt
1582 3766 1642 3806 curn
1654 3749 1959 3820 preparation-initlorum

329 3849 397 3909 Nam
423 3851 457 3908 de
471 3852 523 3907 boc
545 3848 684 3905 offerendo
707 3847 777 3918 apud
797 3844 898 3902 Lucam
912 3853 940 3900 ct
957 3840 1116 3913 dpos'tolum
1167 3843 1332 3916 accipiamus
1347 3844 1373 3899 in
1390 3852 1488 3905 morte,
1507 3842 1584 3910 cuius
1604 3841 1704 3899 uirtute
1719 3842 1850 3898 liberandi
1862 3856 1958 3897 sumus

329 3936 440 4007 ‹i'icitur,
455 3941 501 4012 qui
516 3940 653 3996 deminum
670 3937 791 3993 referunt
804 3935 926 3990 dixisse:
942 3931 1024 3993 siloc
1037 3928 1118 3986 lacite
1167 3953 1183 3992 a
1202 3943 1299 4000 morte,
1324 3939 1351 3987 el
1371 3931 1405 3986 ad
1429 3932 1513 3986 uitam
1531 3932 1723 3998 resuscitandi,
1739 3948 1799 3987 cnm
1816 3933 1890 4001 prius
1908 3946 1956 3986 er·

331 4035 357 4089 iu
368 4047 456 4088 meam
469 4028 753 4089 commensurationem
768 4026 844 4098 (Lac.
861 4040 934 4088 ndi
950 4023 975 4077 1·
991 4021 1053 4079 cor.
1066 4022 1116 4093 ¹¹)-
1168 4026 1328 4083 solrcrimus
1341 4017 1421 4095 uuam
1439 4024 1578 4090 debemus,
1601 4033 1725 4079 mortem.
1745 4024 1793 4079 liic
1814 4035 1857 4078 est
1882 4023 1954 4076 enirn

331 4126 448 4200 ’11110111
472 4138 558 4196 eguus
578 4122 653 4195 prius
679 4119 825 4184 0111111111,
850 4131 931 4188 quarn
953 4113 1116 4178 ⁰0ffildi¹¹¹lt
1167 4119 1235 4175 ordo
1253 4117 1364 4191 gratiae:
1381 4114 1439 4170 itta
1456 4117 1539 4182 bona,
1559 4131 1631 4170 murs
1645 4114 1778 4183 pretiosa,
1794 4116 1847 4169 rita
1862 4115 1955 4168 beata.

332 4226 420 4275 ritorto
435 4225 526 4274 suaet
546 4232 593 4272 esu
608 4213 667 4270 reri
682 4211 751 4283 ligari
769 4217 882 4266 mortem
907 4204 1074 4278 significans,
1090 4210 1119 4257 et
1400 4223 1450 4264 uec
1469 4225 1517 4264 m
1527 4223 1626 4264 consu,
1642 4223 1725 4263 nanu,

331 4324 418 4366 nsum,
435 4307 628 4364 Verumtamen
642 4319 721 4360 rearis
741 4302 833 4372 Agrius
848 4297 1011 4361 conteditur,
1032 4296 1119 4366 prius·
1205 4299 1276 4369 Quid
1293 4296 1400 4358 lecerit·
1411 4298 1490 4356 lesus
1510 4299 1644 4365 Christus,
1657 4299 1771 4355 dicendo
1785 4298 1913 4362 ostendit,
1929 4303 1959 4351 et

332 4418 414 4473 tiaram
431 4400 574 4457 occiditur.
591 4397 661 4454 dnte
675 4395 827 4467 passionem
844 4392 942 4463 quippe
957 4389 1059 4445 Cbristi
1079 4387 1120 4442 in·
1170 4393 1304 4449 rirtutetu
1317 4391 1410 4461 operis
1426 4392 1466 4446 sni
1482 4390 1565 4447 uerbo
1584 4391 1737 4446 annuntiat.
1757 4383 1832 4445 Fecit
1846 4389 1917 4444 enirn
1928 4395 1958 4440 cr

333 4491 410 4548 stitui
423 4489 515 4545 debuit
531 4498 629 4543 riorum
649 4478 830 4549 sacrificiunt3
844 4483 905 4552 qtria
922 4489 949 4536 et
964 4491 1026 4535 ante
1042 4487 1120 4534 retiis
1170 4484 1259 4541 dreit:
1279 4482 1359 4537 clloc
1376 4487 1419 4536 est
1440 4496 1539 4551 eorpus
1564 4497 1653 4535 meum
1672 4481 1780 4551 (llottlt.
1803 4479 1889 4549 xxia).
1901 4497 1910 4530 r
1923 4479 1958 4532 dr

303 4616 307 4626 ›
333 4590 394 4640 crat
409 4580 568 4636 iaciendum.
595 4576 662 4631 Nam
678 4575 748 4644 quud
764 4583 824 4645 post
848 4573 1003 4643 passionem
1019 4569 1120 4626 Cluistl
1172 4576 1199 4629 iu
1216 4588 1305 4629 rerum
1316 4571 1453 4629 creatione
1467 4570 1535 4624 dixit
1549 4578 1577 4624 ct
1592 4571 1665 4626 lecit.
1680 4570 1746 4624 Nam
1761 4587 1822 4626 cum
1839 4568 1960 4625 creanda

334 4687 387 4727 iren
402 4664 493 4727 debuit
512 4662 616 4730 iterari,
630 4675 697 4720 ante
711 4664 865 4736 passionem
885 4663 1006 4733 oportuit
1028 4661 1122 4717 ternri·
1170 4670 1243 4732 esset
1261 4664 1319 4729 lus,
1336 4662 1406 4718 utris
1420 4660 1511 4715 beas:
1533 4677 1544 4711 r
1558 4660 1620 4715 Fiat
1643 4660 1699 4726 lux,
1715 4671 1743 4716 ct
1771 4663 1842 4716 laeta
1856 4670 1898 4716 est
1912 4663 1959 4716 lux

335 4761 405 4817 nari.
427 4753 463 4817 m
476 4759 521 4815 ubi
547 4767 625 4813 retias
645 4751 808 4812 sacrilicium
830 4753 934 4825 acecpit
962 4752 1118 4817 terminum,
1135 4735 1247 4828 Decea.
1261 4760 1281 4825 ι)
1296 4771 1302 4808 :
1319 4751 1471 4820 »lactatque
1489 4750 1548 4806 lnce
1574 4765 1626 4805 raon
1651 4750 1747 4821 legitur
1767 4753 1876 4812 dixisse,
1900 4754 1958 4805 trac

335 4866 396 4907 mox
411 4861 510 4905 norum
533 4846 625 4903 debuit
639 4861 693 4901 suc
705 4837 884 4899 institutionis
894 4844 996 4896 babere
1014 4839 1120 4910 princi·
1171 4854 1212 4905 est
1225 4847 1281 4914 lux,
1297 4857 1346 4902 nec
1367 4839 1439 4898 cuim
1451 4841 1581 4912 oportuit,
1594 4840 1655 4910 quia
1672 4839 1758 4894 uirtus
1772 4838 1886 4893 dicentis
1900 4853 1959 4889 nia.

335 4945 420 5014 prium.
438 4945 507 4998 Ante
520 4940 672 5012 passionem
689 4938 752 4994 item
771 4933 884 5001 Cbristi,
908 4934 1009 4990 uirtute
1026 4932 1118 5019 liujus,
1170 4939 1296 4995 „reusam
1313 4946 1354 4993 ege
1367 4931 1588 5006 perpetuandam
1602 4931 1692 4999 operis
1706 4929 1846 4999 sequentis
1862 4935 1888 4982 ee
1902 4927 1953 4981 op.

335 5036 500 5094 sacrementi
513 5032 651 5090 subruendi
663 5034 742 5087 eraul
754 5014 891 5100 discipuli,
902 5026 948 5096 qai
963 5027 1119 5081 scandalum
1171 5030 1320 5100 sentientis,
1334 5035 1448 5094 eratque
1462 5022 1574 5078 verbum
1595 5019 1749 5083 occultum,
1764 5022 1851 5074 tloncc
1866 5017 1958 5088 palam

336 5130 364 5185 iu
383 5141 470 5186 morte
489 5124 588 5184 Christi
604 5113 813 5192 'erantpassurin
827 5132 861 5173 ¹¹0
874 5118 940 5174 111101
957 5129 1121 5171 1011111011·
1172 5119 1250 5174 lieret
1269 5133 1317 5189 per
1331 5110 1488 5187 apparentis
1513 5111 1642 5166 indicium
1663 5110 1763 5179 operis.
1776 5110 1842 5166 curn
1856 5109 1959 5164 diecret

336 5221 401 5277 trino
414 5218 553 5282 deiiceret,
569 5231 603 5272 ue
617 5213 803 5282 tentator,qui
823 5224 870 5266 eos
886 5208 1025 5278 expetivit,
1042 5197 1120 5277 111181
1172 5213 1202 5267 ul
1215 5208 1325 5275 llercnt,
1346 5213 1458 5278 repente
1473 5202 1649 5267 exstiterunt,
1667 5215 1727 5271 quae
1748 5199 1818 5256 lacta
1844 5209 1917 5264 sunt,
1931 5209 1960 5254 ct

336 5314 424 5367 victur
441 5311 475 5366 de
502 5308 580 5364 victis
594 5300 796 5375 tiriumpbaret.
811 5302 942 5371 lienique,
954 5297 1122 5373 drtruadbuc
1175 5296 1204 5357 iu
1218 5300 1300 5356 rebus
1312 5297 1391 5354 lactis
1402 5294 1528 5358 innotuit,
1542 5292 1613 5362 qrrod
1628 5293 1750 5346 laeturus
1768 5291 1895 5356 dixisset,
1911 5289 1957 5357 utri

336 5403 420 5458 ladas
439 5402 510 5458 iuter
524 5389 671 5470 discipulos
685 5395 927 5465 erauponcndnm
949 5399 1009 5447 erat
1030 5405 1123 5445 exem·
1172 5396 1269 5463 poleos
1285 5396 1361 5455 erat,
1377 5395 1407 5443 ut
1433 5384 1547 5440 diceudo
1567 5384 1678 5438 laceret.
1703 5382 1760 5437 lloc
1782 5383 1854 5436 cuim
1880 5379 1959 5433 nautio

337 5494 412 5563 plum
430 5493 609 5562 inposterum
631 5477 790 5552 valiturum,
807 5486 843 5541 dc
859 5484 938 5549 ntalis
950 5483 978 5539 in
1003 5480 1123 5546 Ecclesia
1173 5478 1318 5538 intrisibilia
1333 5476 1378 5533 uei
1393 5490 1441 5545 per
1451 5489 1482 5529 ea
1505 5488 1566 5543 quta
1579 5471 1648 5525 lacta
1663 5479 1725 5525 stant
1745 5469 1881 5523 intellecta
1895 5479 1961 5521 con·

339 5561 497 5650 tolerandis,
522 5586 585 5638 dum
607 5573 707 5639 occulti
732 5591 809 5634 suut.
836 5575 903 5633 Nem
918 5574 990 5645 quud
1011 5572 1122 5630 Judasa
1174 5573 1339 5642 spiciuntur,
1354 5566 1520 5636 sempiterna
1533 5577 1641 5632 quiaque
1656 5559 1810 5629 virtusejus
1824 5558 1912 5625 (lietu.
1928 5557 1959 5622 rl'.

338 5679 453 5734 bomine
470 5673 747 5742 tauromenitanae
759 5654 1125 5732 masccusatus,sa'cramen·
1174 5660 1203 5719 ln
1224 5663 1306 5717 rebus
1331 5659 1423 5728 itaque
1444 5655 1545 5711 creatis
1573 5656 1660 5707 virtus
1684 5651 1742 5714 liei,
1766 5664 1817 5718 qnia
1839 5647 1963 5717 praecipit

340 5778 398 5822 tum
409 5766 535 5837 eorporis
546 5772 575 5818 et
586 5760 778 5831 sartguinissui
800 5750 1124 5828 acceperit,'mauilestum
1175 5753 1233 5823 ipsc
1248 5748 1387 5805 uellerent
1405 5760 1466 5816 quae
1491 5741 1562 5798 lacta
1580 5747 1653 5808 sunt,
1670 5739 1838 5808 intelligitur,
1853 5743 1881 5789 et
1895 5748 1963 5802 utro-

340 5870 393 5928 cst,
408 5869 513 5915 tumes
528 5854 619 5912 uerbis
632 5854 712 5910 Low
728 5851 910 5921 euangelistae,
922 5857 977 5903 tum
988 5862 1021 5902 cr
1036 5845 1126 5902 verbis
1175 5840 1320 5898 dammodo
1336 5834 1519 5907 conspicuum
1533 5833 1559 5888 in
1575 5834 1626 5888 bae
1638 5840 1725 5886 autem
1742 5829 1892 5884 mutatione
1906 5833 1963 5879 um

340 5952 413 6009 beati
430 5945 646 6022 augustiniani
669 5945 696 6001 iu
710 5956 836 6000 sermone
852 5936 1125 6009 recuperatorem
1150 5985 1158 5999 ,
1177 5933 1300 6020 miranda
1315 5932 1396 6002 longe
1419 5929 1499 5984 aliter
1513 5932 1564 5982 est.
1581 5924 1694 5980 Factum
1707 5920 1784 5977 enim
1794 5928 1848 5975 tam
1872 5914 1964 5972 occul·

325 6031 389 6093 hac
406 6042 488 6096 rerba
500 6042 593 6110 ponit,
611 6035 706 6097 diceus
718 6054 728 6094 .·
741 6054 751 6089 r
764 6033 828 6092 Post
842 6046 939 6106 panem
955 6041 1019 6086 tune
1031 6028 1126 6090 introi·
1178 6035 1245 6092 tum,
1263 6030 1290 6080 et
1314 6022 1348 6078 ab
1363 6020 1483 6075 bumana
1501 6015 1659 6088 cognitione
1672 6023 1727 6069 tarn
1746 6017 1893 6072 mmotum,
1908 6013 1965 6059 aon
