4584 6767
325 594 397 653 rtis
951 538 1174 632 'clausuris
1193 567 1227 623 ιιι
1239 546 1342 624 udin
1400 627 1403 632 ,
1893 557 1969 614 tart

266 721 267 725 ’
324 720 441 768 euocare
465 701 562 759 bilecti
586 700 669 756 etiam
686 695 735 752 tiit
761 694 849 750 nostri
872 689 904 747 P.
919 690 999 745 titulo
1022 686 1115 743 Sancti
1130 696 1155 753 Α
1206 682 1264 753 Ego
1288 679 1346 735 lac.
1363 666 1795 733 diaconus.cardinatts'smetae
1816 667 1914 725 llariae
1941 669 1970 725 iu

323 797 398 853 Petri
414 796 448 850 ad
463 792 587 854 Vincula,
606 796 633 844 et
649 785 675 841 J.
691 792 794 842 sanctae
815 779 991 836 Pudentianm
1004 777 1116 847 presbya
1168 771 1321 828 cosmidin.

325 888 376 944 teri
393 872 740 950 cardinalem‘apostolicae
756 874 829 931 sedis
842 870 942 944 legati,
958 870 1012 924 boe
1026 868 1116 938 ipsum
1204 861 1262 932 Ego
1276 859 1420 915 Goltredus
1435 856 1543 912 Sanctae
1555 853 1647 911 llariae
1660 853 1693 909 ln
1712 851 1762 908 Via
1777 850 1848 908 Lata
1868 851 1970 907 dlaco-

323 978 349 1033 ei
362 984 484 1046 exparte
501 980 595 1029 nostra
609 979 635 1025 et
647 985 696 1025 sua
712 967 805 1023 missis
816 964 926 1031 litteris,
942 977 1004 1018 curn
1015 969 1118 1031 quanta
1169 967 1222 1008 nus
1240 951 1401 1007 cardinalis.

324 1077 438 1137 potuere
448 1062 620 1120 districtione
636 1059 778 1129 injungere
791 1051 1118 1121 curaveruntdbjeetum
1205 1043 1263 1116 Epo
1277 1041 1425 1113 Gregorius
1448 1039 1555 1140 Sancta
1576 1037 1670 1094 liarias
1684 1038 1712 1093 in
1733 1036 1839 1108 dqutro
1868 1034 1971 1091 diaco-

269 1211 275 1217 .
324 1168 366 1214 est
379 1157 465 1214 etiam
478 1155 550 1225 quod
564 1151 616 1207 nisi
630 1150 717 1221 pridie
736 1147 800 1203 idus
814 1144 958 1202 Februarii
975 1144 1032 1214 jam
1047 1157 1115 1212 prae·
1170 1149 1223 1189 nus
1235 1131 1392 1189 cardinalis.

324 1248 410 1317 teriti,
426 1257 521 1303 nestro
537 1260 566 1301 se
581 1240 742 1312 conspectui
758 1244 955 1310 praesentaret,
977 1232 1118 1289 nilrilomi-
1206 1222 1305 1279 Datum
1319 1220 1447 1277 Laterani
1468 1236 1516 1291 per
1539 1233 1652 1276 manunt
1668 1216 1768 1290 lloysl,
1790 1223 1894 1274 sancte
1907 1212 1970 1273 tse-

326 1355 381 1397 nus
395 1340 429 1395 ad
444 1337 545 1408 negotii
555 1332 823 1392 consummationem
836 1328 870 1384 de
883 1326 999 1382 fratrum
1014 1333 1122 1397 nostro
1171 1329 1260 1369 mtnae
1275 1313 1404 1369 Ecclesiae
1430 1313 1611 1379 willihelmi,
1627 1311 1715 1366 licem
1731 1310 1839 1382 ²8⁰th
1854 1308 1968 1367 wicel·

326 1446 389 1488 rum
403 1428 523 1485 consilio
536 1427 685 1497 presedere
699 1435 871 1479 curaremus.
887 1418 1022 1487 Quoniam
1037 1416 1119 1487 igitur
1171 1406 1251 1473 larii,
1267 1422 1294 1460 rr
1309 1404 1370 1467 lial,
1385 1405 1477 1471 iunii,
1492 1405 1643 1460 indictione
1655 1402 1782 1473 septima,
1791 1401 1969 1459 iucarnatio-

328 1524 464 1578 lraetenus
478 1520 619 1575 nescimus
632 1532 687 1587 qua
711 1514 864 1570 intentione
879 1526 926 1567 seu
945 1507 1121 1564 animositate
1173 1498 1216 1553 nis
1235 1497 1386 1551 Doutiulcae
1400 1513 1473 1551 anne
1490 1494 1579 1569 titt,
1594 1495 1776 1566 pontiticatus
1791 1492 1971 1554 verodomni

295 1586 298 1589 Δ
327 1614 409 1671 nobis
424 1628 505 1670 suant
525 1610 614 1666 noluit
638 1606 812 1679 praesentiam
828 1603 970 1670 etbibere,
986 1602 1073 1670 ipsam
1088 1599 1122 1655 de
1172 1587 1320 1650 clementis
1333 1605 1412 1662 papte
1423 1588 1456 1643 ΙΙΙ
1468 1604 1542 1644 antro
1556 1586 1687 1644 secundo.

328 1704 473 1763 communi
501 1702 619 1758 fratrum
646 1698 783 1763 consilio,
808 1709 859 1751 ceu
882 1705 1073 1749 contumacem
1095 1698 1123 1746 et

328 1796 548 1860 inobedientem,
564 1792 795 1859 auctoritateque
810 1786 963 1857 iungimus,
979 1783 1122 1854 illaquam

330 1889 358 1945 iu
372 1904 422 1944 ros
436 1887 579 1945 eeclesiam
598 1884 802 1948 Treuirensem,
819 1879 1020 1952 suffraganeos,
1038 1884 1067 1930 et
1081 1886 1124 1929 to-

330 1990 389 2037 turn
402 1978 671 2051 archiepiscopatum
692 1975 726 2030 de
737 1975 800 2044 jure
818 1967 1046 2042 archiepiscopati
1058 1966 1124 2021 bae-

330 2080 411 2128 tenus
432 2071 542 2136 babuit,
560 2075 695 2139 potestate
720 2065 882 2133 privamus3
910 2066 1072 2125 statuentes,
1094 2045 1162 2110 ntB

1508 1694 1626 1754 clix-li.
1655 1752 1660 1760 .

1174 1790 1338 1847 Horresterio
1365 1791 1394 1848 S.
1414 1791 1578 1862 Cirrpseponi
1604 1791 1747 1846 innitentia
1770 1791 1915 1862 ecclesiast
1937 1790 1971 1851 8.

1452 1862 1566 1915 dturtirri
1577 1864 1683 1917 usserit.

1418 1973 1570 2043 (Laterani,
1582 1974 1647 2031 iun.
1659 1976 1718 2047 28.)

1295 2066 1440 2139 [Ftntnn
1452 2065 1595 2137 lttpricmn
1608 2084 1726 2135 sacrum,
1742 2067 1774 2139 V,
1790 2068 1851 2141 ds]

331 2176 387 2221 tant
402 2165 437 2219 ab
453 2163 540 2233 ipsius
553 2174 667 2231 quauta
691 2155 726 2212 R.
742 2154 881 2227 praepositi
895 2152 1050 2209 obedientia
1070 2160 1125 2206 tam
1213 2182 1340 2239 Canus
1364 2179 1522 2251 episcopus,
1539 2196 1636 2237 smus
1661 2196 1805 2237 smmum
1828 2180 1889 2250 Dei,
1901 2183 1971 2239 dne.

331 2269 382 2309 uus
394 2267 477 2322 qrram
493 2252 637 2306 uniuersus
650 2247 911 2348 archiepiscopatus,
924 2243 985 2298 sitis
996 2240 1125 2343 deinceps
1176 2274 1228 2331 cns
1243 2272 1343 2329 mm
1345 2312 1402 2328 .....
1415 2273 1507 2329 abbati
1521 2281 1550 2328 et
1570 2272 1716 2341 fratribus,
1731 2273 1889 2330 salutemet
1903 2289 1972 2346 apo·

332 2343 360 2398 in
381 2341 572 2412 spiritualibus
590 2348 618 2394 et
641 2337 842 2408 temporalibus
865 2340 1000 2405 quantum
1022 2330 1057 2387 ad
1079 2344 1125 2400 Jus
1176 2366 1302 2421 moneam
1316 2364 1546 2421 benedictionem·

333 2430 569 2500 archiepiscopale
591 2428 710 2497 pertinet
723 2467 731 2493 ‚
744 2434 885 2496 praepetuo
911 2422 1021 2494 penitus
1040 2420 1125 2477 abso-
1211 2452 1462 2526 'ustis-petentium
1483 2455 1628 2512 desideriis
1642 2455 1757 2527 dignum
1782 2465 1827 2512 est
1844 2472 1898 2515 nos
1910 2457 1974 2514 saci·

332 2521 400 2585 luti,
415 2520 487 2575 sicut
501 2519 567 2574 dum
590 2516 699 2573 Verane
709 2531 836 2572 essemus
847 2515 956 2570 vivente
967 2511 1060 2568 adbuc
1075 2511 1126 2567 bo·
1177 2547 1229 2603 lem
1252 2549 1374 2620 mbae
1385 2541 1553 2605 consensu-m
1569 2557 1672 2605 mom
1686 2564 1748 2620 quae
1763 2550 1909 2608 mannis
1921 2560 1976 2609 m

333 2627 376 2667 nte
397 2612 537 2667 memorie
560 2609 672 2666 Urbano
693 2608 895 2681 predecessore
917 2616 1024 2671 nostro,
1054 2605 1126 2660 inter

333 2704 425 2776 ipsum
447 2711 476 2757 et
499 2702 655 2773 imperiales
670 2700 783 2756 nuutios
807 2698 964 2755 condictum
990 2696 1080 2752 luerat
1099 2704 1127 2751 et

333 2801 485 2859 statutum,
506 2800 588 2864 prout
604 2792 632 2848 in
648 2791 747 2847 litteris
768 2788 977 2859 compositionis
993 2794 1126 2858 apparet,

333 2884 470 2942 dictorum
482 2884 665 2941 cardinalium
678 2881 832 2958 legatbrum
848 2888 1018 2947 nostrorum,
1031 2887 1058 2934 et
1078 2893 1126 2934 ue·

333 2974 496 3031 nerabilium
511 2973 627 3029 fratrum
641 2980 813 3037 nostrorum,
831 2966 1091 3039 bauembergensis,
1100 2974 1128 3022 et

335 3063 368 3120 G.
383 3052 609 3143 ‘llerbipolensls
642 3064 857 3135 episcoporum,
889 3068 917 3115 et
948 3060 1040 3116 dilectu
1079 3059 1127 3114 lilii

336 3154 366 3210 S.
381 3153 584 3211 licesfeldensis
599 3154 707 3210 abbatis
722 3152 876 3225 sigillorum
892 3148 1050 3206 testimonio
1062 3163 1129 3205 con-

334 3246 461 3317 signatis.
476 3246 646 3302 Praebendas
668 3254 759 3300 tamen
781 3252 809 3298 ct
822 3242 954 3298 beneficia
970 3255 1032 3311 quae
1052 3251 1128 3294 uter·

334 3353 400 3409 que,
412 3346 438 3392 et
451 3338 544 3393 cleriei
557 3337 604 3406 qrri
616 3351 666 3406 pro
678 3334 808 3389 Fulmaro
819 3332 899 3402 ejecti
911 3331 1023 3386 luerunt
1039 3329 1127 3400 ipsius

335 3432 480 3490 eteartonis
496 3442 618 3500 tempore
641 3425 835 3499 possidebant;
850 3425 980 3479 omnibus
999 3422 1128 3478 uolumus

334 3533 362 3580 et
380 3522 544 3577 mandamus
556 3520 616 3575 sine
628 3519 721 3588 aliqua
736 3514 921 3570 diminutione
931 3512 1061 3584 persulsi.
1072 3511 1129 3568 Nos

307 3626 314 3637 ¹
334 3609 436 3664 etenim
452 3607 581 3662 l'ultuaro
592 3607 650 3677 jam
666 3606 740 3661 ‹lieto
755 3604 857 3661 alicubi
878 3618 927 3675 per
945 3602 1040 3659 sedem
1060 3595 1129 3675 ipo·

336 3700 461 3755 stolicam
476 3699 591 3753 beneste
613 3697 743 3757 uolumus
760 3694 911 3765 prouideri.
937 3693 1130 3750 interdicimus

335 3792 418 3848 etiam
435 3806 470 3845 ne
486 3791 558 3846 idem
575 3787 723 3843 fulmarus
738 3787 794 3842 ullo
807 3801 929 3857 unquam
956 3793 1079 3856 ternpore
1102 3784 1129 3839 in

328 3892 393 3939 'tnta
419 3880 575 3936 Treuirensi
598 3879 711 3935 dioecesi
733 3877 871 3949 logatione
901 3876 1054 3947 iungatur,
1082 3883 1131 3931 aut

336 3989 400 4029 curu
424 3970 629 4043 pontificalibus
656 3969 754 4025 debeat
778 3968 934 4039 insignibus
958 3967 1128 4030 ministrare.

337 4063 449 4132 Siquos
469 4069 562 4116 autem
582 4061 727 4118 occasione
751 4075 805 4131 non
831 4060 964 4131 impensae
985 4058 1038 4115 sibi
1063 4059 1131 4115 obe·

336 4154 457 4222 dientiae,
471 4162 640 4208 memoratus
651 4150 799 4207 Fulmarus
811 4151 955 4221 deposuit,
971 4164 1132 4207 exeommu-

339 4246 454 4312 nicarit,
468 4245 612 4315 officioque
625 4244 780 4314 suspendit,
799 4252 847 4299 aut
858 4243 1001 4312 beneficio,
1014 4245 1043 4298 in
1058 4244 1131 4300 inte·

337 4350 417 4407 prum
433 4349 495 4390 esse
508 4333 684 4389 decernimus
699 4334 853 4389 restitutos.
867 4330 940 4387 Nulli
956 4347 1022 4403 ergo
1041 4335 1132 4388 ouini-

338 4442 375 4483 no
396 4427 541 4482 bominum
561 4426 644 4480 liceat
664 4426 737 4481 bane
756 4425 884 4496 peginam
904 4432 1006 4480 nostrae
1028 4425 1132 4480 consti-

338 4519 452 4575 tutionis
467 4517 635 4590 iulringere‚
651 4517 693 4573 rel
708 4517 734 4573 ci
757 4531 825 4572 ausu
850 4517 995 4573 temerario
1013 4518 1132 4572 contrai-

338 4624 389 4677 re;
406 4609 430 4666 si
445 4610 509 4680 quis
520 4616 613 4665 autent
631 4608 685 4665 bec
701 4617 837 4664 attentare
850 4603 1073 4678 presumpserit,
1088 4593 1132 4661 inl

338 4697 525 4771 dignationem
550 4702 751 4772 omnipotentis
774 4699 832 4766 Dei,
846 4708 874 4754 et
894 4699 1038 4755 beatorum
1058 4698 1130 4754 Petri
1147 4725 1169 4779 1)

336 4799 365 4845 et
376 4788 452 4843 Pauli
465 4789 655 4857 apostolorum
671 4789 732 4857 ejus
745 4803 775 4843 se
789 4787 897 4843 nouerit
918 4788 1110 4844 incursurum.

374 4880 432 4952 Ego
448 4879 574 4934 Clemens
597 4878 738 4935 catbolicae
751 4877 879 4933 Ecclesiae
892 4880 1052 4951 episcopus.

373 4968 431 5042 Ego
444 4968 561 5025 Albinus
576 4969 743 5025 Albanensis
760 4970 917 5039 episcopus.

374 5062 432 5137 Ego
449 5062 525 5119 liobe
540 5061 702 5120 Portuensis
716 5072 744 5119 et
769 5072 796 5119 et
813 5062 922 5118 Sancta
939 5061 1044 5117 lludnae
1058 5063 1131 5118 seois

329 5155 493 5228 ¹episcopus.

374 5247 432 5319 Epo
458 5244 625 5303 Octavianus
646 5245 784 5304 Ostiensis
804 5247 962 5319 episcopus,
990 5244 1132 5319 et,iellc-

339 5341 451 5397 trensis.

375 5432 432 5504 Ego
454 5432 597 5510 laborans
612 5433 755 5505 presbyter
778 5434 928 5490 cardinalis
948 5434 1056 5489 Sartctae
1073 5432 1131 5487 bla-

338 5525 387 5578 riae
404 5532 480 5578 trans
495 5522 627 5591 Tiberim,
642 5525 722 5579 titulo
734 5524 844 5579 Calisti'.

376 5613 434 5686 Ego
448 5612 587 5671 Jordauus
600 5616 709 5671 Sanctae
723 5615 900 5673 Pudentianae
923 5616 1003 5672 titulo
1022 5615 1132 5672 Passio·

339 5706 382 5761 nis
397 5706 542 5778 presbyter
557 5708 716 5765 cardinalis.

376 5796 433 5868 Ego
443 5795 567 5880 ioannes
587 5799 666 5855 tituto
692 5800 786 5859 Sancti
810 5801 961 5874 Clementis
983 5800 1131 5860 cardinalis

339 5899 364 5946 ct
380 5887 565 5949 Tuscanensis
578 5893 733 5965 episcopus.

1177 2637 1245 2693 mite
1257 2653 1312 2693 non
1327 2638 1488 2695 discordant
1508 2637 1606 2693 effectu
1623 2650 1806 2710 prosequente
1821 2642 1974 2712 complere.

1177 2730 1339 2803 Eapropter‚
1356 2730 1448 2787 dilecti
1461 2731 1488 2785 in
1500 2729 1620 2786 Domino
1631 2731 1691 2798 lilii,
1709 2733 1807 2789 restris
1819 2733 1906 2805 justis
1924 2750 1975 2806 po-

1182 2820 1378 2878 stulationibus
1388 2828 1467 2892 prato
1484 2831 1680 2877 concurrentes
1694 2837 1811 2878 assensu
1826 2826 1976 2882 ecclesiam

1179 2911 1273 2968 Sancti
1291 2911 1402 2967 llartini
1413 2927 1476 2967 eum
1489 2912 1617 2967 omnibus
1635 2912 1810 2983 pertiuentiis
1824 2916 1886 2972 suis
1898 2931 1917 2972 a
1928 2933 1977 2987 pa·

1179 3003 1271 3060 tronis
1291 3002 1380 3074 ipsius
1403 3000 1571 3058 ecclesiaede
1594 3017 1732 3059 consensu
1751 3002 1888 3061 iadertini
1900 3008 1977 3078 capi·

1179 3096 1241 3162 tuli,
1268 3094 1438 3149 murtasterio
1464 3080 1557 3148 uestro
1580 3092 1625 3163 pia
1640 3092 1787 3163 largitione
1798 3109 1976 3165 concessam,

1153 3217 1156 3225 ·
1179 3186 1252 3243 sicut
1266 3187 1353 3256 ipsam
1372 3185 1447 3256 juste
1464 3200 1497 3241 ac
1522 3185 1582 3240 sine
1605 3187 1791 3243 controuersia
1813 3188 1976 3259 possidetis,

1179 3278 1261 3356 robis
1274 3288 1301 3333 et
1315 3293 1365 3348 per
1384 3293 1434 3333 tos
1448 3277 1537 3333 eidem
1552 3277 1720 3334 monasterio
1730 3279 1899 3335 auctoritate
1911 3294 1979 3350 apo-

1141 3376 1163 3436 c
1180 3370 1278 3427 stolica
1291 3369 1488 3425 conllrmamus
1500 3378 1527 3424 et
1542 3370 1686 3439 praesentis
1700 3371 1792 3441 scripti
1816 3372 1978 3441 patrocinio

1181 3464 1385 3519 commuuimus
1398 3478 1405 3515 ε
1419 3468 1572 3519 statuentes
1586 3473 1616 3518 ut
1626 3462 1694 3518 nulli
1703 3463 1816 3518 omnino
1827 3461 1979 3519 bominum

1181 3555 1263 3611 liceat
1277 3554 1350 3610 banc
1379 3554 1508 3624 paginam
1524 3562 1627 3609 nostrae
1642 3552 1864 3610 confirmationis
1877 3554 1980 3611 inirin-

1174 3661 1244 3719 ‚pere
1256 3645 1299 3701 rel
1310 3645 1336 3699 ei
1347 3660 1417 3701 ausu
1433 3646 1581 3702 temerarie
1598 3644 1745 3702 contraire.
1761 3643 1791 3700 Si
1805 3645 1869 3717 quis
1883 3656 1980 3702 autent

1181 3733 1235 3790 buc
1247 3741 1382 3790 attentare
1404 3724 1621 3805 presumpserit,
1651 3734 1868 3805 indignationem
1883 3735 1980 3790 omni-

1181 3826 1301 3894 potentis
1330 3824 1377 3881 bei
1396 3835 1423 3882 et
1444 3827 1588 3881 beatorum
1600 3824 1675 3882 Petri
1693 3835 1721 3882 et
1736 3825 1815 3881 Pauli
1835 3827 1981 3897 apostoto-

1182 3932 1244 3972 rum
1264 3916 1325 3986 ejus
1338 3931 1368 3972 se
1384 3917 1492 3972 nouerit
1514 3918 1701 3973 incursurum.
1794 3909 1803 3923 '

1219 4008 1320 4064 batum
1332 4006 1473 4076 Laterani,
1488 4024 1516 4066 ιι
1532 4007 1593 4065 liat.
1607 4009 1685 4078 tulii,
1699 4010 1879 4081 pontificatus
1890 4009 1982 4067 mouri

1184 4109 1258 4150 aurio
1273 4096 1406 4151 secundo.
1817 4120 1822 4129 ·

1523 4231 1631 4289 esst.

1185 4323 1323 4379 Hermone
1343 4327 1473 4397 irrupistro
1487 4336 1512 4380 et
1535 4326 1666 4395 [ratribus
1681 4326 1823 4397 hospitalis
1848 4328 1982 4389 Hieroso·

1218 4395 1344 4464 tpmireni
1361 4398 1458 4450 usserit
1472 4412 1504 4449 ee
1525 4411 1584 4465 quoe
1602 4396 1745 4467 Phiiippus
1762 4400 1982 4472 eretriepiseopue

1218 4465 1385 4521 Ceiortientis
1411 4466 1539 4536 hospitati
1558 4467 1590 4520 de
1617 4464 1717 4522 Serreto
1745 4467 1879 4539 Sepeicro
1900 4474 1983 4528 [tris-

1185 4602 1192 4613 .
1220 4535 1509 4606 burpenridonauerer.

1427 4646 1577 4727 (Lateraru',
1593 4647 1648 4707 iul.
1670 4651 1726 4722 tt.)

1344 4764 1530 4836 [Lucentem
1555 4763 1689 4832 Urinam,
1705 4763 1726 4834 l,
1737 4764 1815 4839 tou]

1218 4880 1343 4935 Cerasus
1371 4882 1644 4951 episcopusservus
1666 4896 1810 4937 serrorum
1838 4882 1899 4952 bei,
1916 4885 1984 4943 dile·

1184 4972 1237 5027 ctis
1254 4972 1318 5027 liliis
1332 4970 1495 5026 llsnruuuno
1509 4973 1642 5045 magistro
1653 4982 1680 5028 et
1694 4974 1827 5030 fratribus
1841 4974 1985 5051 ierosoly-

1184 5062 1280 5119 mitani
1306 5063 1452 5134 hospitalis
1475 5064 1592 5120 salutem
1613 5075 1641 5121 et
1657 5066 1837 5136 apostoticam
1868 5068 1986 5138 benedi,-

1183 5155 1315 5210 ctionem.
1406 5140 1408 5143 ¹
1534 5159 1538 5168 ’

1219 5246 1345 5304 Vidimus
1362 5249 1551 5305 authenticum
1579 5249 1795 5304 instrumentum
1810 5254 1987 5312 venerabilis

1184 5338 1279 5395 fratris
1293 5340 1379 5395 nostri
1395 5339 1512 5411 Plrilippi
1530 5339 1706 5396 Coloniensis
1719 5342 1942 5417 archiepiscopi,
1953 5366 1986 5406 es

1184 5432 1265 5502 cujus
1282 5440 1377 5487 tenore
1389 5432 1469 5487 nobis
1483 5433 1603 5488 innotuit
1614 5435 1686 5503 quod
1703 5434 1773 5487 idem
1789 5437 1988 5507 archiepisco·

1184 5539 1236 5594 pus
1259 5523 1389 5594 lrospitali
1420 5533 1511 5579 resne
1533 5525 1567 5579 de
1595 5522 1698 5580 Sancto
1713 5523 1849 5594 Sssputoro
1866 5528 1896 5583 in
1912 5529 1987 5589 Dus·

1184 5616 1253 5686 burp
1267 5617 1311 5685 pia
1333 5616 1482 5670 donatione
1511 5616 1649 5672 correessit
1673 5617 1785 5671 «tomum
1798 5615 1932 5678 Conradi
1955 5624 1990 5681 de

1184 5707 1277 5774 Die-lte,
1304 5708 1418 5762 doutum
1445 5706 1592 5762 Alexandri
1612 5707 1660 5763 blii
1683 5706 1834 5776 Lodewici,
1865 5712 1989 5771 domun

1183 5796 1338 5855 Lantblridi
1353 5798 1499 5860 Brunclini
1517 5797 1688 5871 §irredicum
1702 5798 1799 5869 spatiis
1812 5800 1988 5877 interjectis,

1184 5908 1235 5950 nce
1244 5907 1297 5949 non
1305 5902 1330 5947 et
1338 5906 1434 5950 omnes
1442 5902 1574 5949 terminos
1587 5907 1682 5949 uersus
1690 5891 1838 5948 ecclesiam
1849 5890 1881 5951 S.
1891 5894 1991 5957 tuan·
