4584 6767
325 583 393 640 ttst
752 641 757 650 ι
807 636 810 642 ¹

635 686 750 744 citent
769 684 814 739 tt.

385 787 420 841 De
433 790 600 840 sacramento
616 781 734 849 corporis
754 788 778 830 et
798 777 935 845 sorrqrrirds
954 772 1065 828 Christi.

364 879 515 947 Postquam
536 873 672 930 dedomo
695 868 815 932 Domini,
840 873 965 937 quaeest
988 863 1120 929 Ecclesia,

329 972 420 1041 aliqua
440 977 467 1023 ct
482 982 537 1022 non
553 965 657 1029 omnia,
687 975 748 1031 quae
769 959 847 1040 nobis
868 963 1028 1021 occurrunt,
1057 969 1121 1026 per-

328 1061 493 1119 strinximus
511 1053 680 1118 testimonia,
699 1051 733 1105 de
756 1056 928 1104 sacrarrrcnto
953 1043 1075 1114 corporis
1095 1050 1123 1098 ct

227 1163 235 1172 “
329 1146 672 1224 sanguinisClrristi,quod
683 1142 813 1199 omnibus
824 1140 1003 1195 sacramentis
1011 1146 1053 1193 est
1062 1137 1123 1207 dig-

329 1248 404 1310 ttius,
412 1260 427 1298 a
435 1251 526 1315 quoet
536 1240 616 1310 cujus
627 1233 799 1293 consecratio
811 1233 837 1287 iu
849 1230 1123 1300 domoDumiui,quae

328 1337 499 1397 sstEcclesia
508 1334 553 1389 liei
562 1334 626 1399 vivi,
639 1329 725 1386 Paulo
738 1333 884 1384 attestante
898 1323 926 1396 (1
938 1323 1123 1391 limantes-

329 1430 463 1494 lcbratur,
477 1438 574 1483 contra
590 1423 745 1479 haereticam
759 1421 920 1492 pravitatem
936 1416 1058 1472 divinant
1073 1430 1124 1471 au·

331 1521 487 1580 'ctoritatem
501 1521 528 1574 in
541 1517 662 1573 medium
681 1513 865 1585 proteramus.
923 1584 933 1595 ἱ

365 1617 492 1673 cbristus
510 1613 605 1667 videns
630 1610 683 1665 sibi
713 1607 867 1664 imminere
883 1586 1010 1671 mortem,
1026 1601 1124 1657 rolens

330 1709 525 1767 commendare
544 1707 624 1762 nobis
650 1712 854 1759 sacramentum
878 1700 1002 1770 corporis
1014 1706 1041 1753 ot
1059 1713 1123 1753 san-

331 1803 434 1874 goinis,
451 1800 588 1870 accipiens
604 1811 701 1868 panem
715 1803 741 1850 et
755 1793 856 1865 gratias
881 1807 974 1863 agens,
987 1789 1124 1845 benedixit

329 1903 357 1951 et
372 1893 462 1964 lregit,
482 1891 612 1960 deditque
631 1884 774 1956 discipulis
791 1884 865 1949 suis;
893 1893 920 1937 et
945 1882 1058 1936 calicem
1086 1880 1124 1935 si-

225 2013 233 2026 ·
330 1986 443 2041 militer.
475 1979 553 2036 Unde
573 1979 718 2033 Matthaeus
750 1964 1124 2045 evangelistazrlloenar'rti-

1028 558 1290 616 ERSIENGAUDUS

1138 675 1236 741 Ased,
1260 673 1419 744 vere'pauis
1442 688 1528 743 purus
1542 659 1593 740 est,
1617 682 1645 728 et
1667 671 1802 741 dicitur3
1827 669 1871 728 ita
1893 675 1965 745 pasis,

1148 765 1335 839 ,quem'post
1361 782 1468 823 caenam
1495 766 1577 823 lesus
1599 765 1730 823 Christus
1756 766 1897 825 mauibus
1921 774 1966 831 sx'n

1173 860 1294 930 accepit,
1319 868 1465 930 postquam
1483 860 1558 914 bunc
1573 859 1711 915 benedixit
1723 867 1752 915 et
1768 858 1871 931 fregit,
1882 875 1968 934 corpu

1172 952 1287 1018 Cirristi,
1313 967 1367 1007 nnn
1392 953 1472 1023 panis
1490 952 1660 1027 intelligitur
1680 968 1756 1021 esse,
1787 962 1820 1009 et
1836 954 1967 1013 creditor.

1173 1043 1403 1118 quemchristus
1427 1043 1553 1099 Salvator
1579 1055 1673 1100 noster
1699 1051 1730 1099 et
1751 1042 1967 1116 Retleruptoris

1173 1151 1252 1192 coena
1277 1137 1335 1191 suis
1360 1136 1504 1206 discipulis
1516 1135 1603 1205 dedit,
1614 1136 1707 1192 diceus
1725 1154 1733 1192 t
1754 1155 1765 1189 r
1784 1137 1927 1208 Accipite,
1948 1149 1969 1195 tt

1173 1230 1325 1297 comedite,
1340 1230 1393 1286 boc
1405 1238 1447 1286 est
1461 1245 1562 1300 corpus
1579 1246 1683 1287 meum.
1703 1250 1713 1284 r
1731 1212 1843 1287 Eadem
1863 1232 1970 1301 ntioss,

1173 1331 1200 1378 et
1216 1323 1250 1378 de
1266 1322 1360 1391 calice,
1379 1332 1525 1393 postquam
1544 1323 1647 1393 gratias
1664 1338 1749 1395 agens
1766 1323 1849 1380 dedit
1866 1299 1973 1382 suisi-

1175 1413 1299 1484 scipulis,
1323 1422 1351 1469 et
1369 1414 1439 1469 dixit
1461 1414 1502 1469 eis
1518 1430 1525 1469 e
1543 1432 1553 1465 r
1569 1411 1657 1470 bibite
1668 1429 1702 1469 ex
1718 1417 1774 1472 lroc
1787 1430 1914 1484 omnes,
1935 1416 1974 1474 lie

1174 1513 1216 1560 est
1235 1504 1347 1576 sanguis
1375 1520 1454 1560 meus
1474 1520 1537 1559 nour
1563 1504 1728 1571 testamenti,
1757 1504 1810 1575 qui
1832 1520 1888 1577 pro
1903 1508 1971 1562 mul·

1175 1595 1210 1651 tis
1227 1595 1382 1652 effundetur
1402 1595 1633 1676 inremissionem
1646 1593 1841 1665 pcccatorum.
1862 1596 1976 1654 »Elud-

1174 1687 1242 1744 didit
1261 1706 1268 1743 :
1284 1707 1293 1739 r
1307 1688 1531 1759 Quotiescunque
1542 1687 1673 1755 feceritis,
1685 1688 1739 1743 lroc
1750 1687 1878 1745 iacitein
1891 1705 1976 1747 mes!

1174 1781 1472 1836 commemorationem.
1492 1798 1502 1832 v
1905 1777 1908 1784 '
1931 1777 1934 1786 '

1211 1871 1274 1927 llaec
1298 1873 1391 1939 verba,
1407 1889 1468 1943 quae
1483 1890 1499 1927 a
1513 1871 1664 1928 Christum
1681 1888 1762 1930 coena
1788 1889 1883 1945 super
1907 1874 1975 1931 istud

1176 1948 1378 2017 sacramentum
1402 1964 1507 2033 prolata
1532 1962 1653 2031 luerunt,
1672 1965 1808 2030 maxime,
1825 1966 1911 2036 quasi
1936 1968 1974 2021 ul·

332 2079 384 2134 ltus
408 2082 498 2130 autem
514 2073 565 2138 cis,
593 2070 698 2139 accepit
720 2063 801 2122 Iesus
816 2081 924 2135 panem,
942 2074 968 2119 et
984 2063 1124 2118 benedixit
1141 2030 1160 2083 Β
1176 2056 1272 2108 tiorum
1287 2065 1493 2123 testamentum,
1508 2057 1598 2111 notari
1613 2056 1723 2111 debent.
1740 2055 1810 2124 Sed,
1825 2059 1974 2124 cumdisit,

331 2183 364 2225 ac
381 2167 471 2238 fregit,
484 2176 511 2221 et
525 2164 599 2220 dedit
618 2160 759 2231 discipulis
781 2158 848 2223 suis,
867 2166 893 2211 ct
908 2158 945 2211 ait
966 2174 973 2210 ι
991 2154 1123 2224 Accipite,
1177 2150 1419 2217 «quotiescunque
1433 2145 1562 2213 feceritis,
1577 2147 1629 2201 lroc
1645 2146 1726 2202 lacite
1744 2148 1772 2202 in
1794 2163 1893 2204 meatu
1905 2164 1974 2206 eost·

331 2258 520 2324 etcomcditc;
542 2257 593 2311 boc
617 2261 658 2309 cst
682 2266 782 2322 corpus
801 2265 903 2305 uicum.
934 2246 965 2301 Et
987 2248 1124 2316 accipiens
1174 2238 1410 2304 memorationem,
1428 2255 1438 2290 v
1455 2237 1482 2291 in
1499 2237 1639 2293 hisverbis
1654 2238 1795 2293 indicatur
1807 2240 1890 2310 quod
1901 2241 1974 2296 Clari·

330 2355 454 2416 calicem,
473 2350 577 2423 gratias
599 2350 664 2416 cg't,
680 2353 707 2401 ct
727 2344 801 2399 dedit
824 2342 892 2407 illis,
908 2340 1020 2396 dicens:
1037 2339 1124 2395 Bibite
1174 2335 1234 2383 slus
1250 2327 1321 2388 istud
1336 2335 1454 2392 tantum,
1466 2336 1494 2383 et
1508 2336 1562 2382 tant
1578 2328 1788 2384 sanctissimum
1809 2345 1971 2387 sacrama-

330 2445 432 2501 exlroc
450 2456 556 2497 omnes.
589 2438 637 2494 llic
658 2435 793 2493 cst'cuim
824 2433 938 2503 sarrguis
955 2447 1034 2487 meus
1061 2431 1123 2485 novi
1175 2428 1244 2484 ²⁰¹⁰,
1270 2418 1369 2485 militib
1388 2425 1419 2473 ¹¹²
1444 2418 1483 2473 illi
1510 2420 1592 2474 fldem
1618 2418 1742 2487 Mitem,
1767 2420 1820 2477 δαὶ
1844 2424 1971 2494 apostolis

331 2534 500 2598 testamenti,
516 2532 563 2603 qui
586 2545 636 2601 pro
659 2529 753 2584 multis
775 2526 929 2581 edundctur
944 2526 970 2579 iu
985 2524 1125 2580 remissio·
1174 2514 1244 2580 suis,
1271 2514 1346 2569 sicut
1368 2513 1569 2582 cohaeredibus,
1590 2522 1618 2569 ct
1640 2529 1737 2570 eorum
1765 2517 1971 2574 sucoessoribss

1175 2607 1228 2661 lroc
1251 2614 1467 2673 sacramentum,
1498 2615 1561 2676 post
1587 2621 1665 2661 suam
1691 2606 1860 2676 passionem
1884 2619 1914 2665 et
1936 2625 1972 2666 re·

330 2643 393 2685 nem
409 2634 583 2697 pcccatorum
596 2622 706 2688 (lluttd.
723 2620 808 2687 sarr).
828 2639 837 2671 r

366 2718 432 2774 ltcur
443 2719 477 2773 de
489 2716 585 2772 eodem
599 2714 707 2769 Marcus
720 2730 728 2767 r
744 2730 754 2763 r
773 2710 807 2765 ttr
818 2708 1048 2765 manducantibus
1060 2707 1123 2774 illis,

330 2810 436 2880 accepit
461 2806 541 2863 lesus
565 2819 674 2876 panem,
691 2809 719 2858 et
730 2800 906 2868 benedicens,
929 2797 1022 2868 fregit,
1037 2796 1124 2852 etde·

331 2903 371 2959 dit
395 2900 447 2967 eis,
478 2909 506 2954 et
522 2898 561 2953 ait
586 2916 593 2951 ι
622 2894 739 2960 Sumite,
760 2893 813 2948 lruc
833 2900 875 2947 est
898 2905 999 2959 corpus
1021 2904 1123 2944 meum.

1174 2696 1373 2752 surrectionem
1401 2706 1430 2752 et
1452 2697 1642 2753 ascensionem
1672 2713 1753 2754 suant
1776 2699 1805 2755 in
1833 2703 1972 2773 sempiter-

1175 2804 1241 2842 num
1256 2787 1347 2843 iacere
1365 2789 1493 2859 praecepit
1506 2790 1533 2844 in
1550 2788 1710 2845 memoriani
1724 2805 1785 2847 suat
1796 2793 1972 2863 passiorriset

1174 2884 1202 2937 in
1219 2896 1267 2951 spc
1284 2880 1381 2936 salotis
1395 2889 1513 2935 aeternae.

331 2993 364 3048 Et
377 3000 488 3062 accepto
509 2990 605 3054 calice,
624 2985 725 3058 gratias
738 2998 833 3055 agens,
844 2982 918 3037 dedit
932 2981 989 3047 cis;
1006 2989 1033 3035 ct
1045 2980 1124 3035 bibe-
1211 2974 1281 3029 Cum
1309 2973 1443 3029 Dominus
1465 2972 1546 3029 lesus
1562 2974 1713 3047 discipulos
1727 2991 1798 3033 suos
1809 2994 1984 3051 congregae.

331 3088 397 3136 runt
418 3096 451 3135 ex
467 3079 514 3134 illo
543 3091 651 3132 onrrres.
673 3075 707 3129 Et
730 3075 768 3130 ait
793 3073 847 3128 illis
866 3088 873 3125 :
893 3069 943 3126 llic
957 3082 998 3126 est
1013 3068 1124 3139 sanguis
1175 3075 1226 3134 set,
1242 3079 1353 3121 earnem
1379 3080 1458 3121 suam
1482 3065 1510 3120 in
1528 3066 1620 3136 specie
1643 3068 1733 3137 panis,
1751 3077 1782 3124 et
1809 3071 1970 3142 sanguinea

331 3187 420 3237 meos,
435 3172 497 3226 novi
516 3168 684 3233 testamenti,
701 3165 749 3236 qui
780 3178 831 3234 pru
859 3162 954 3217 nrultis
969 3160 1125 3215 effundetur
1175 3173 1255 3215 sunm
1279 3158 1305 3212 in
1322 3156 1413 3227 specie
1433 3156 1489 3212 riui
1515 3172 1545 3213 se
1556 3158 1697 3226 daturum,
1716 3159 1774 3217 illis
1787 3163 1972 3232 promisitst

332 3263 419 3319 Marc.
439 3260 507 3333 arv).
528 3280 537 3314 r
559 3261 625 3316 ltem
641 3258 753 3314 Lucas:
773 3255 831 3311 «Et
845 3262 958 3324 accepto
971 3268 1051 3323 pane,
1065 3266 1125 3324 gra·
1175 3247 1203 3303 in
1229 3247 1376 3320 Evangelio
1411 3248 1442 3303 Β.
1469 3248 1585 3306 loannis
1616 3251 1777 3307 continetur
1802 3250 1900 3324 (loss.
1925 3255 1970 3327 vt),

334 3354 386 3407 tias
414 3350 481 3422 egit,
501 3356 529 3404 ct
555 3348 646 3417 lregit,
664 3353 692 3401 et
707 3344 781 3400 dedit
794 3344 845 3409 cis,
870 3343 965 3398 dicens
982 3360 989 3396 ε
1005 3341 1063 3396 lloc
1081 3345 1202 3419 cstcet
1229 3338 1298 3393 dicit
1323 3355 1330 3393 ε
1360 3357 1370 3390 ι
1396 3338 1489 3407 Panis,
1518 3354 1599 3411 quent
1620 3354 1672 3412 ego
1694 3340 1768 3397 dabo
1788 3342 1883 3412 vobis,
1909 3360 1971 3401 earu

332 3456 433 3512 corpus
453 3453 555 3506 mcum,
571 3437 644 3507 qood
660 3450 709 3505 pro
723 3432 801 3487 vobis
818 3432 954 3496 tradetur3
975 3430 1028 3485 boc
1043 3429 1123 3485 facito
1175 3448 1234 3489 mea
1249 3441 1291 3490 cst
1305 3449 1356 3505 pro
1366 3434 1462 3489 muudi
1474 3434 1540 3489 vita.
1557 3432 1663 3490 sludaei
1677 3443 1771 3490 autem
1783 3436 1842 3494 lane
1853 3438 1971 3495 audies·

333 3532 461 3600 innqeam
475 3525 776 3585 commerrroratiunem.
806 3522 938 3581 Similiter
957 3521 1121 3585 etcalicem,
1174 3534 1225 3593 tes,
1246 3524 1319 3581 inter
1339 3542 1369 3582 se
1391 3525 1545 3596 litigabant,
1569 3525 1904 3595 dicenteserouamodn
1924 3546 1971 3602 po·

332 3632 478 3697 ptstquarn
494 3620 613 3676 coeuarit
640 3618 735 3675 dicens
752 3635 759 3672 :
776 3615 825 3671 llic
839 3624 880 3671 est
898 3614 971 3669 enim
986 3613 1056 3668 calix
1070 3628 1123 3668 no·
1175 3626 1227 3672 test
1248 3616 1327 3674 nobis
1341 3616 1407 3672 dare
1431 3632 1542 3673 carnem
1557 3632 1635 3673 suam
1651 3618 1684 3673 ad
1698 3618 1967 3677 manducandumir

331 3729 396 3767 vum
413 3720 607 3767 testamentum
635 3709 661 3763 in
686 3708 821 3780 sanguine
843 3722 915 3773 mco,
935 3706 981 3777 qui
1007 3720 1058 3776 pro
1071 3721 1122 3762 ru·
1170 3707 1289 3779 Propter
1314 3708 1473 3779 hujusmodi
1496 3701 1687 3781 litigationem,
1701 3716 1729 3766 et
1747 3709 1814 3781 quia
1831 3711 1970 3771 intellexit

333 3805 376 3862 bis
403 3802 558 3860 effundetur
574 3802 650 3874 (lere.
667 3801 749 3870 svn).
769 3818 778 3852 r
796 3797 977 3870 Evangelistae
1004 3811 1124 3867 namque
1173 3815 1221 3855 eos
1235 3798 1405 3870 spiritualem
1428 3800 1596 3856 intellectum
1621 3817 1675 3856 nou
1688 3801 1801 3882 bgrbere,
1817 3803 1874 3858 sub
1897 3814 1968 3861 crta

314 3907 460 3952 'asserunt
483 3895 558 3965 equod
580 3892 713 3947 [lominus
747 3891 853 3961 accepit
878 3904 987 3960 punctu,
1003 3896 1032 3943 et
1048 3887 1123 3943 dedit
1173 3892 1324 3948 assertione
1337 3892 1406 3947 dixit
1419 3892 1478 3949 cis:
1496 3892 1618 3956 edmeri,
1631 3908 1710 3949 amen
1726 3893 1790 3951 dico
1805 3895 1898 3963 volvis,
1918 3897 1968 3953 nisi

332 3987 474 4057 discipulis
489 3986 557 4050 suis,
572 3984 687 4040 diceus:
708 4001 718 4035 r
736 3981 793 4037 lloc
812 3989 854 4037 est
872 3996 972 4051 esrrpus
987 3996 1088 4035 meum.
1108 3999 1119 4033 ι
1173 3984 1407 4040 manducaveritis
1423 3999 1534 4040 carnem
1557 3984 1618 4039 l'ilii
1638 3984 1771 4053 hominis,
1791 3995 1821 4043 et
1844 3987 1968 4044 biberitis

260 4137 264 4145 ,
370 4078 439 4134 Nota
471 4078 602 4148 singula:
621 4094 630 4128 r
647 4075 757 4145 decepit
784 4088 892 4145 panem,
921 4073 1068 4139 benedixit,
1095 4081 1123 4128 ct
1172 4075 1233 4145 ejus
1248 4078 1420 4147 sauguinem,
1446 4068 1501 4131 non
1520 4075 1758 4132 babebitisritana
1787 4077 1816 4132 iu
1844 4078 1966 4134 robis.»

332 4172 423 4245 tregit,
447 4181 475 4227 ut
492 4170 575 4227 dedit.
594 4188 605 4223 r
622 4168 682 4224 Non
697 4169 813 4223 babetur
832 4167 859 4221 in
886 4165 1035 4236 Evangelio
1047 4166 1122 4236 quod
1173 4167 1206 4222 Et
1223 4186 1230 4221 ε
1247 4185 1256 4219 ι
1272 4165 1324 4234 Qui
1341 4168 1488 4224 manducat
1506 4184 1595 4224 meam
1608 4183 1732 4234 carnem,
1747 4176 1776 4223 et
1789 4168 1862 4224 bibit
1877 4185 1967 4226 muru

332 4267 466 4325 [lominus
489 4264 623 4335 acceperit
645 4278 746 4334 corpus
764 4276 856 4328 suum,
879 4260 952 4330 quod
979 4258 1124 4313 bencdixc·
1172 4258 1346 4328 sanguinent,
1363 4258 1446 4313 babet
1457 4260 1540 4313 vitam
1562 4268 1702 4325 aternam,
1722 4267 1749 4313 et
1763 4273 1816 4329 ego
1828 4260 1968 4314 suscitato

332 4368 370 4415 ιιι
384 4356 458 4430 quod
472 4355 564 4421 tregit,
591 4353 666 4424 quod
681 4353 755 4408 dedit
770 4351 913 4422 discipulis
928 4349 997 4414 sois,
1023 4348 1070 4403 sed
1082 4357 1122 4402 te·
1172 4365 1234 4406 eum
1251 4350 1278 4404 in
1291 4351 1442 4405 novissimo
1456 4351 1511 4406 die.
1530 4369 1540 4403 s

333 4457 439 4505 stantur
464 4446 638 4516 evangelistae
661 4443 734 4514 quod
755 4441 889 4511 acceperit
910 4454 1019 4511 panem,
1038 4437 1122 4493 etbc·
1207 4439 1237 4494 ln
1263 4438 1307 4494 bis
1330 4440 1424 4496 verbis
1440 4438 1591 4496 notandum
1614 4441 1752 4511 estquod
1779 4458 1862 4498 nrrno
1880 4451 1968 4513 potat

332 4540 462 4597 nedicens
489 4537 610 4607 fregerit,
636 4544 663 4590 ct
675 4533 779 4591 dederit
790 4534 841 4600 eis,
855 4533 949 4588 diceus
964 4549 971 4586 :
988 4550 997 4582 r
1013 4528 1071 4586 lloc
1080 4538 1122 4585 est
1172 4531 1272 4587 babere
1293 4532 1376 4588 vitam
1393 4540 1534 4597 aeternam,
1558 4532 1612 4588 nisi
1634 4533 1843 4589 manducaverit
1854 4549 1966 4591 caraem

332 4648 433 4703 corpus
454 4645 544 4684 meum
557 4645 565 4694 ;
579 4629 623 4681 lric
636 4635 677 4681 est
700 4625 770 4680 calix
785 4639 863 4679 meus
885 4623 948 4678 novi
962 4621 1121 4678 testarrreuti
1173 4624 1271 4695 ipsius,
1288 4633 1315 4679 et
1338 4623 1438 4679 biberit
1456 4625 1517 4694 ejus
1545 4624 1717 4695 sanguinem,
1737 4624 1892 4680 securrdum
1916 4625 1967 4680 boe

332 4729 360 4784 io
386 4726 520 4796 sauguine
543 4738 615 4788 mco,
634 4720 682 4790 qui
697 4734 747 4790 pro
763 4720 840 4775 vobis
860 4718 1027 4775 fundetur.»
1134 4713 1244 4786 unod
1271 4716 1328 4785 ipse
1342 4714 1421 4769 dixit.
1444 4713 1497 4771 Sed
1516 4715 1573 4786 ipse
1592 4713 1720 4770 Christus
1738 4714 1827 4771 noluit
1846 4715 1966 4786 vlisciqst-

368 4817 420 4871 Sed
434 4815 554 4872 haretici
573 4812 754 4881 dicuntquod
777 4811 853 4878 illud,
877 4810 1121 4887 lroe,dcmonstra-
1171 4808 1213 4863 los
1236 4823 1301 4864 suos
1318 4806 1421 4872 tallere,
1447 4822 1498 4862 nec
1525 4821 1606 4861 suunt
1623 4805 1790 4876 promissum
1815 4806 1963 4863 esirraniri.

331 4907 417 4962 tivum
446 4917 608 4975 pronomen,
637 4915 691 4955 oon
718 4899 882 4974 referturad
907 4913 1016 4968 panem,
1038 4912 1118 4967 quem
1170 4897 1287 4954 Carnem
1312 4913 1376 4952 vcro
1398 4912 1476 4951 suam
1493 4907 1522 4951 et
1538 4898 1699 4966 sanguinent
1717 4911 1800 4952 suom
1823 4896 1851 4951 iu
1875 4898 1965 4968 speeie

332 4994 510 5053 inmanibus
534 4992 652 5059 tcncbal,
675 4999 703 5045 et
725 4991 770 5046 cui
797 4989 984 5053 benedicebat,
999 4998 1026 5043 ct
1037 5003 1119 5059 quem
1170 4987 1250 5059 panis
1272 4996 1299 5043 et
1326 4986 1380 5040 riui
1409 4988 1435 5040 in
1463 4986 1556 5041 ultima
1586 5001 1683 5050 coena,
1714 4994 1746 5041 nt
1765 4986 1966 5043 manducarent

330 5088 483 5159 frangebat,
499 5094 526 5141 et
548 5085 606 5142 suis
627 5083 770 5153 discipulis
795 5081 991 5147 distribuelrat;
1015 5082 1062 5137 sed
1078 5096 1120 5135 rc·
1171 5080 1230 5136 sine
1253 5079 1309 5134 oris
1335 5078 1535 5143 abhorritione,
1556 5078 1615 5134 suis
1637 5076 1781 5148 discipulis
1798 5076 1886 5132 dedit.
1911 5075 1965 5133 Sed

273 5169 281 5179 ’
330 5178 417 5235 lertur
444 5177 478 5233 ad
512 5192 612 5247 corpus
630 5191 723 5240 suum,
744 5174 818 5245 quod
840 5173 898 5229 lraec
924 5172 1016 5229 omnia
1037 5173 1115 5241 perd·
1170 5186 1341 5243 quacunque
1359 5171 1442 5226 verba
1458 5159 1596 5226 'cbristus'
1613 5170 1692 5237 dixit,
1710 5168 1965 5225 certissimaetre·

330 5268 430 5328 ciebat.
447 5265 526 5322 llnde
548 5281 644 5321 eorum
660 5280 739 5320 error
757 5271 812 5318 tam
833 5263 1022 5333 nequissimus
1036 5260 1120 5331 origi·
1170 5266 1278 5321 rissima
1296 5274 1360 5321 sunt
1378 5281 1466 5335 neque
1491 5266 1517 5319 in
1538 5264 1632 5334 aliquo
1652 5251 1760 5320 fallunt.
1787 5259 1874 5318 llulta
1889 5262 1974 5319 euius¹

330 5375 392 5414 nem
424 5356 530 5423 babuit,
566 5356 723 5428 ldss⁰l²¹¹¹⁰⁸
752 5354 807 5409 Vim
839 5353 1020 5424 lll⁰¹¹⁰ffli¹¹l⁸·
1050 5350 1117 5417 ¹¹⁰⁶,
1169 5358 1238 5412 dixit
1257 5373 1318 5429 quat
1337 5374 1399 5412 vera
1419 5366 1589 5427 sunt;quae,
1616 5356 1639 5412 si
1663 5355 1734 5410 alius
1760 5351 1888 5421 dixisset,
1915 5368 1968 5411 nee

330 5465 386 5504 non
408 5457 498 5518 potest
527 5447 638 5504 relative
662 5444 769 5512 referri,
794 5445 847 5500 nisi
871 5445 915 5500 lris
930 5443 995 5517 [nisi
1011 5442 1046 5497 ad
1073 5440 1118 5513 ea]
1169 5466 1233 5505 vera
1248 5465 1310 5505 esse
1325 5449 1491 5516 viderentur,
1512 5464 1562 5505 nec
1577 5448 1766 5504 crederentur,

329 5539 364 5594 tle
383 5538 485 5609 (11111118
499 5535 570 5593 stitia
590 5535 704 5591 1110111111.
732 5534 785 5590 Sed
803 5534 830 5589 in
857 5533 1003 5589 inditione
1036 5531 1118 5600 illljlts
1205 5540 1251 5595 {lle
1275 5542 1348 5595 enim
1367 5540 1480 5595 digitu
1500 5539 1556 5612 Ego
1581 5556 1643 5596 gum
1669 5540 1786 5605 ostium
1807 5553 1917 5611 μεως
1939 5541 1964 5596 gi

330 5626 493 5684 sacramenti
518 5627 552 5683 de
566 5642 681 5698 corpure
706 5640 758 5683 suo
786 5626 889 5681 mentio
907 5626 982 5682 nulla
997 5634 1065 5680 tunc
1078 5623 1119 5678 ia·
1169 5633 1231 5704 quis
1246 5631 1392 5697 introierit,
1410 5632 1561 5688 salvabitur
1575 5630 1667 5703 (toan,
1696 5632 1735 5702 χ),
1762 5628 1820 5702 330
1834 5647 1900 5687 ,um
1912 5646 1964 5703 μ.

330 5728 374 5775 cta
399 5719 489 5777 luerat
504 5734 591 5792 :ergo
608 5718 787 5775 falsissimum
805 5734 849 5775 est
872 5720 946 5790 quod
963 5728 1115 5774 autumant.
1169 5732 1226 5780 svor
1246 5725 1334 5779 bonus
1354 5722 1445 5794 (loon.
1463 5722 1512 5794 rr).
1542 5723 1599 5796 ligo
1614 5738 1675 5779 sttru
1703 5722 1782 5794 panis
1797 5722 1879 5779 rlrus
1890 5740 1899 5790 ;
1911 5725 1965 5796 ego

332 5807 395 5877 Sed,
416 5810 488 5868 sicut
504 5809 604 5877 lariua,
622 5821 649 5865 ct
676 5826 759 5881 aqua,
780 5819 807 5865 ct
827 5810 879 5877 sal,
898 5826 961 5866 com
986 5810 1116 5865 bactria
1168 5832 1229 5872 sum
1256 5816 1329 5882 vitis,
1353 5824 1380 5870 et
1398 5832 1447 5871 vos
1470 5817 1596 5886 palmites
1619 5800 1710 5885 (loun.
1736 5815 1795 5885 ιι).
1818 5804 1877 5886 Ego
1897 5830 1963 5872 suta

330 5903 473 5959 commista
487 5897 588 5959 luerint
602 5909 630 5957 ct
645 5900 757 5958 decocta
781 5903 900 5973 amplius
920 5918 974 5960 nou
998 5912 1062 5959 sunt
1077 5902 1118 5958 la·
1169 5908 1223 5974 ria,
1240 5908 1341 5962 veritas
1355 5918 1382 5962 et
1405 5907 1458 5962 vita
1472 5906 1564 5978 (loon.
1589 5909 1684 5978 stri.»
1709 5904 1796 5961 'lanta
1821 5905 1899 5961 euim
1919 5913 1965 5962 est

331 5991 402 6058 rius,
432 6008 528 6066 neque,
540 6008 622 6063 aqua,
637 6009 726 6065 neque
746 5995 798 6063 sal,
821 6012 883 6066 qua·
910 6007 972 6052 ante
990 5996 1114 6064 lucrant,
1168 6000 1211 6056 vis
1229 5999 1303 6054 rerbi
1323 5998 1369 6054 ilci
1393 6010 1475 6072 atque
1503 6001 1599 6069 rictus,
1611 6008 1641 6054 ut
1664 5998 1768 6068 omnia,
1785 6012 1966 6071 quaecuuque
