4584 6767
327 476 380 532 ssa
453 495 458 502 ·
513 521 518 535 ,
808 527 809 531 1
943 455 1130 544 ttunnnru
1151 489 1337 548 ostnonro
1623 485 1626 490 ’
1915 491 1961 554 tet

324 587 396 658 quod
423 594 529 659 temptas
554 591 632 646 circs
649 593 744 652 rrrlretn
768 595 887 664 rptradmn
916 598 974 664 die,
988 600 1115 657 videlieet
1130 608 1154 665 Α
1170 604 1269 667 tribus,
1283 603 1390 662 scilicet
1405 605 1529 664 lolianus
1547 604 1689 672 ilettensi,
1707 605 1822 678 liugero
1833 577 1969 662 Tulbrnir.

323 678 392 733 seria
409 680 527 734 sectanda
543 690 605 749 post
617 681 715 737 lestrtm
732 684 820 739 saneti
840 684 1038 754 ltartbolomei,
1051 706 1113 746 erum
1166 694 1285 754 ltadullo
1300 699 1474 760 Vindunensl.
1488 697 1647 756 willermus
1663 696 1749 754 alubis
1769 696 1872 754 Sentii
1891 698 1962 754 Usti-

325 788 407 827 manu
429 770 494 827 lorti
522 781 549 828 et
564 783 669 828 armata
694 786 838 842 exeuntes,
853 794 969 836 nurnero
981 782 1114 838 tredecim
1166 790 1237 845 sueti
1249 789 1369 859 eiigitur.
1383 790 1434 857 Qui
1454 805 1516 845 eum
1530 789 1679 846 monachus
1698 787 1781 859 buius
1803 787 1860 845 loci
1877 787 1963 849 lantes

326 863 399 919 tullii
413 863 447 918 td
476 863 546 917 1111111
563 864 696 935 1111111111,
716 882 764 923 0⁰⁸
789 868 858 941 (78),
886 871 932 939 ‘lul
958 874 1115 931 interiusin
1169 881 1266 938 luisset
1278 880 1354 951 prior
1367 880 1594 949 Flaviniaeensls,
1611 881 1718 937 invenit
1736 881 1846 938 tiletum
1863 882 1964 950 priam

326 956 526 1014 munitionibus
550 966 634 1013 erant
653 960 835 1029 supradictis,
851 964 970 1022 viriliter
983 966 1115 1023 invaden·
1165 982 1222 1030 tnm
1236 974 1352 1032 eeclesia
1365 985 1392 1030 et
1406 976 1533 1033 omnibus
1544 974 1660 1032 officinis
1671 976 1835 1032 omnimode
1846 974 1965 1032 dirutum

321 1058 379 1115 111.
393 1065 457 1106 cum
483 1049 528 1105 '5¹
548 1060 642 1107 1151111
661 1066 778 1108 ulmeto
792 1056 931 1122 trecenti,
951 1073 1000 1115 eos
1021 1068 1114 1118 tamen
1165 1078 1193 1123 et
1206 1069 1240 1121 ad
1256 1067 1389 1124 niebilnm
1405 1069 1556 1124 redactum.
1569 1067 1620 1125 ilie
1634 1068 1793 1140 appendens
1813 1067 1844 1123 in
1865 1076 1966 1125 statera

326 1144 496 1210 devicerunt,
510 1152 538 1198 et
558 1159 592 1199 ex
608 1144 649 1200 eis
669 1154 764 1215 captos
779 1146 916 1205 disserunt
930 1151 989 1207 lere
1005 1139 1115 1210 trecen-
1165 1162 1409 1228 considerationis,
1431 1161 1482 1217 sibi
1507 1162 1541 1217 ad
1566 1162 1683 1219 dedecus
1709 1161 1811 1218 cedere
1835 1162 1859 1217 si
1890 1161 1967 1218 detes

327 1243 388 1302 tos;
410 1235 504 1306 inquo
519 1236 646 1293 eouliietu
677 1238 835 1296 ceciderunt
857 1252 974 1307 ceritum¹
993 1246 1045 1301 uiri
1073 1245 1116 1301 vel
1164 1250 1305 1316 existeret,
1320 1260 1348 1306 et
1369 1250 1403 1305 ad
1433 1250 1562 1305 meritum
1582 1250 1604 1305 si
1628 1259 1756 1305 strenuus
1776 1250 1966 1306 emendationi

326 1326 453 1394 amplius.
466 1327 526 1393 Quo
539 1328 610 1386 lacto
624 1333 698 1388 eires
714 1333 794 1390 valde
808 1336 948 1404 perterriti
969 1346 999 1392 et
1015 1338 1114 1405 attriti,
1166 1340 1218 1396 loci
1235 1342 1389 1408 insisteret,
1404 1341 1508 1407 Deuru,
1522 1342 1565 1396 cui
1587 1340 1722 1396 familiare
1739 1349 1781 1397 est
1799 1342 1891 1397 etiarn
1916 1357 1966 1398 tiara

326 1421 437 1475 dentum
454 1435 549 1491 pacem
561 1424 690 1496 episcopo
702 1425 859 1494 offerentes,
876 1428 1116 1500 proeiribusqnos
1165 1434 1326 1504 rogantibus
1343 1432 1427 1489 murita
1441 1444 1576 1512 prestare,
1590 1434 1642 1489 sibi
1657 1434 1683 1488 in
1701 1435 1873 1505 avljntorium
1888 1434 1968 1489 inro-

327 1515 423 1578 eaptos
439 1511 550 1566 tenebat
564 1513 663 1570 (latntes
685 1515 780 1573 decem
803 1517 878 1573 milia
899 1518 993 1587 libras,
1006 1534 1115 1577 oruirem
1166 1524 1248 1590 eavit,
1262 1534 1290 1580 et
1306 1532 1381 1580 tanto
1396 1525 1472 1594 operi
1489 1533 1619 1594 tantoque
1631 1526 1709 1581 oneri
1730 1507 1868 1583 humeros
1882 1542 1967 1598 appo·

326 1600 351 1656 ei
373 1599 600 1670 suamjustieiam
626 1605 873 1675 quittaverunt,et
900 1610 1000 1681 prelati
1020 1612 1115 1683 viginti
1165 1616 1238 1683 suit;
1262 1617 1320 1686 qui,
1343 1615 1436 1672 divino
1460 1631 1491 1673 se
1514 1617 1629 1673 brachio
1656 1627 1849 1685 stistentaute,
1876 1621 1969 1691 primo

327 1693 410 1763 iurati
424 1696 597 1764 ceciderunt,
613 1699 690 1754 etsie
702 1714 769 1786 paee
786 1700 859 1757 inter
873 1702 979 1761 elerum
999 1714 1026 1761 et
1041 1706 1117 1763 eires
1167 1722 1239 1762 ariao
1252 1707 1337 1778 tigna,
1354 1705 1514 1779 laquearia,
1537 1719 1607 1766 tecta
1624 1720 1650 1767 et
1675 1709 1830 1768 relaturam
1850 1712 1969 1771 ecclesis

277 1872 281 1880 .
327 1786 434 1843 reddita
448 1787 517 1860 (19),
533 1788 591 1860 ipso
612 1804 684 1847 atino
707 1793 782 1848 eirea
797 1795 1015 1879 purificationem
1033 1799 1114 1856 beate
1166 1814 1228 1855 curn
1246 1799 1328 1865 turri,
1341 1800 1479 1856 veteribus
1493 1801 1631 1871 aperturis
1649 1802 1816 1873 putrelactis
1838 1803 1966 1872 abiectis,

331 1873 454 1949 Virginis
470 1882 622 1938 translatus
634 1891 676 1937 est
698 1882 732 1937 tle
748 1885 869 1941 Virduno
881 1889 916 1942 ad
931 1888 1115 1960 episcopatum
1167 1892 1299 1963 usquead
1317 1907 1454 1947 summum
1479 1895 1658 1951 restauravit.
1675 1892 1833 1966 Capitulum
1856 1885 1969 1968 quoqne

328 1967 574 2027 Altisiodorensem
590 1973 613 2005 ⁸¹
630 1973 701 2027 idem
716 1974 950 2047 episeopus,paee
963 1978 1117 2034 nouduru”
1131 1953 1153 2010 B
1168 1999 1229 2041 eum
1253 1983 1432 2053 dormitorio,
1450 1984 1626 2050 relectorium
1650 2000 1712 2041 eum
1738 1987 1880 2055 granariis
1900 1990 1968 2044 satis

329 2060 398 2117 liene
412 2062 589 2120 continuata.
1169 2082 1357 2150 competenter
1367 2082 1396 2130 et
1411 2075 1526 2130 boneste
1544 2074 1699 2131 resarcivit.
1718 2073 1857 2131 llorreunx
1869 2078 1966 2140 etiam,

260 2214 263 2220 Ι
286 2199 290 2203 .
366 2154 409 2210 tu.
430 2153 496 2212 Cum
513 2157 675 2213 venerabilis
695 2145 780 2216 abbas
794 2159 954 2217 Lodotvicus
966 2163 1042 2219 senio
1062 2162 1117 2219 les·
1169 2165 1242 2235 qnod
1255 2165 1365 2235 sepibus
1379 2164 1592 2234 eireuntseptum
1606 2173 1666 2219 erat
1681 2173 1709 2220 et
1724 2163 1873 2232 elarrsum,
1891 2182 1967 2223 sum

330 2259 377 2305 sus
397 2248 580 2321 resignasset,
597 2254 769 2322 presentibus
796 2253 862 2310 viris
895 2255 1052 2311 reverentiis
1071 2270 1119 2325 pa·
1171 2265 1269 2329 ptuoso
1282 2270 1365 2325 opere
1381 2266 1409 2313 et
1426 2256 1490 2313 lorti
1502 2256 1535 2313 tle
1553 2270 1623 2313 noro
1647 2256 1819 2323 construxit,
1835 2259 1968 2330 mangiaa

437 2468 508 2521 qnos
531 2468 611 2523 pamo
626 2464 689 2510 ante
711 2458 929 2514 mansuetudinis
945 2458 1048 2514 monita
1065 2458 1176 2517 flectere
1196 2457 1396 2527 neqrriveraut,
1413 2470 1507 2523 pacem
1527 2462 1672 2521 coepernut
1693 2452 1846 2522 1111111111οι
1860 2462 1890 2509 11
1908 2467 1965 2507 11111·

438 2525 576 2580 iliarttibus
592 2525 673 2581 bonis
693 2526 728 2581 ml
744 2526 814 2581 banc
830 2529 982 2583 concordiae
1002 2528 1117 2585 turmam
1142 2532 1290 2587 elevantum
1316 2537 1380 2590 est,
1402 2540 1471 2595 quos
1498 2523 1691 2593 jurisdictione
1715 2523 1876 2578 oruuimoda
1897 2530 1966 2576 tero-

436 2593 523 2663 porali
545 2601 573 2650 et
594 2595 703 2664 juribus
724 2597 849 2652 eeclesias
869 2597 1025 2663 restitutis,
1046 2599 1138 2657 decies
1159 2599 1233 2655 mille
1253 2599 1337 2651 libras
1357 2596 1485 2665 episeopo
1501 2610 1551 2665 pro
1565 2595 1675 2650 davnnis
1690 2601 1718 2648 et
1743 2592 1903 2661 sumptibus
1917 2607 1966 2646 er-

439 2663 587 2720 solrerent.
613 2663 745 2736 Seditque
771 2668 918 2738 episcopus
940 2668 1080 2724 civitatem
1102 2685 1137 2726 ex
1162 2677 1228 2725 tune
1249 2669 1278 2723 in
1304 2665 1502 2736 tranquillitate
1521 2679 1635 2734 regens;
1658 2664 1702 2719 eui
1724 2670 1830 2717 tantum
1853 2661 1966 2731 praeiuit

438 2748 511 2789 anno
527 2750 595 2790 uuo.

413 2829 418 2836 ¹
475 2805 596 2870 erelirer
614 2809 650 2861 cd
668 2806 803 2862 ecclesiam
820 2806 1077 2865 autissiodorensem
1094 2810 1251 2871 translatus,
1270 2817 1324 2870 etc.
1340 2805 1437 2875 Elapso
1452 2804 1551 2859 deinde
1571 2802 1704 2871 aliquanti
1720 2801 1854 2871 temporis
1876 2802 1964 2859 inter-

440 2876 612 2938 vallebanae
628 2877 766 2932 memor-ib
778 2877 925 2944 liegnaudo
941 2881 974 2933 de
989 2878 1156 2949 salligniaco
1172 2877 1404 2934 birtissiodorensi
1426 2875 1555 2943 episeopo
1574 2873 1654 2928 rebus
1671 2874 1800 2927 immanis
1821 2881 1964 2943 exempto,

438 2944 473 3000 ad
493 2944 638 3003 eeclesiam
659 2946 935 3013 Arriissiodorensem,
952 2949 979 3003 in
998 2966 1049 3019 qua
1064 2953 1226 3005 decanatum
1242 2949 1403 3012 retimmrat,
1419 2955 1447 2998 ιιι
1462 2944 1624 3013 praedictum
1641 2952 1694 3006 est,
1711 2952 1830 3010 tavvrper
1849 2940 1965 2997 electio-

441 3030 502 3070 nem
519 3031 600 3084 qnam
619 3017 831 3084 postulationem
856 3019 1029 3082 eanonicam.
1047 3021 1211 3074 auctoritate
1240 3015 1390 3088 apostoliea
1415 3013 1629 3074 interveniente.
1652 3027 1714 3067 euru
1738 3011 1832 3066 iaetitia
1862 3027 1906 3065 ma
1928 3025 1964 3066 na

438 3084 531 3155 populi
545 3093 575 3139 et
586 3085 652 3139 cleri
669 3087 817 3141 transistus
832 3096 891 3152 est;
906 3088 952 3142 ubi
967 3089 1082 3156 qualiter
1096 3088 1201 3144 rexerit
1214 3088 1239 3120 ⁸⁸
1251 3100 1345 3156 quasve
1359 3084 1482 3155 gesserit,
1499 3082 1566 3138 satis
1578 3096 1690 3152 operum
1710 3094 1823 3137 suornm
1848 3028 1966 3137 esifon-

441 3155 477 3209 tia
495 3153 662 3219 deciaratum,
676 3155 709 3209 de
720 3156 821 3224 quibus
832 3156 922 3224 aliqua
939 3156 1018 3213 brevi
1030 3158 1214 3229 ehirograpbo
1228 3156 1494 3228 perstringamus...

285 3241 292 3248 ·
393 3267 400 3274 .
477 3227 530 3280 Sed
546 3225 626 3277 etiem
636 3223 693 3277 bne
708 3240 741 3278 ea
759 3226 902 3293 posteriore
915 3228 974 3281 nite
990 3239 1063 3294 perte
1076 3230 1111 3282 sd
1126 3242 1181 3281 rem
1192 3235 1312 3281 nostrast
1326 3225 1430 3293 [coierit
1446 3237 1454 3277 a
1979 3270 1991 3280 .

477 3293 599 3372 Qualiter
617 3292 749 3360 profectur
772 3303 809 3346 eat
834 3295 1004 3351 intercilium
1018 3297 1107 3353 Coreli
1129 3295 1198 3365 regis
1217 3296 1327 3353 Sicilie.
1353 3295 1391 3350 Ea
1413 3300 1646 3362 tempestateque
1670 3294 1807 3348 damnata
1824 3292 1969 3347 memoria

441 3365 571 3434 princeps
589 3360 814 3426 nelaudissimus,
829 3366 935 3430 paterni
952 3365 1065 3422 sceleris
1085 3367 1221 3432 imitator,
1245 3363 1423 3431 ilanlredus,
1442 3363 1514 3418 dlius
1534 3362 1675 3417 Frederiei
1691 3361 1828 3432 qnondam
1840 3361 1968 3430 impera·
1989 3410 1995 3420 .

443 3433 522 3494 toris,
538 3446 622 3502 reguo
635 3430 746 3495 Sicilie,
766 3432 964 3500 propriorem
979 3436 1158 3504 patrimonio,
1178 3445 1207 3491 et
1222 3435 1322 3507 ducato
1343 3433 1441 3505 Capua
1453 3433 1605 3504 occupatis,
1618 3447 1662 3488 res
1674 3432 1877 3487 ecclesiasticas
1888 3434 1968 3484 darn·

443 3502 571 3558 iratriliter
594 3500 738 3565 tractabat,
754 3503 893 3558 evertebat
914 3505 1046 3559 eeclesias
1058 3514 1087 3561 et
1107 3507 1219 3577 legabat
1240 3504 1377 3574 prelatos,
1393 3514 1491 3560 vocato
1505 3505 1562 3575 ’per
1575 3517 1710 3557 sumntum
1732 3501 1890 3570 pontilleem
1906 3500 1967 3553 viro

446 3572 593 3641 magnilica
607 3569 717 3635 Cereio,
731 3571 803 3643 regis
824 3570 948 3630 Francis
970 3574 1036 3641 illio,
1056 3590 1105 3644 pro
1116 3575 1291 3645 suscipiendo
1308 3588 1393 3655 regno
1409 3572 1563 3655 bujusmodi
1583 3580 1611 3627 et
1633 3571 1775 3627 liberando
1790 3571 1824 3626 de
1839 3568 1969 3624 manibus

443 3644 517 3713 impii
534 3641 696 3703 intemerati,
715 3656 901 3765 concessaque
922 3644 987 3700 aba
1008 3644 1124 3701 ostolieo
1136 3646 1264 3700 omnibus
1278 3645 1305 3698 in
1321 3657 1379 3711 opus
1389 3644 1520 3698 auxilinm
1532 3639 1770 3712 proficiscentibus
1781 3646 1972 3712 metatorum·

442 3728 552 3773 atrorum
567 3710 641 3765 indul
662 3712 736 3767 entia
751 3713 882 3784 general,
897 3714 957 3770 zelo
998 3725 1084 3770 emtas
1102 3713 1333 3785 peregrinationis
1346 3728 1495 3778 accensus,
1511 3713 1626 3767 itomam
1642 3710 1711 3766 adiit
1723 3712 1750 3767 in
1764 3707 1856 3765 Caroli
1872 3707 1967 3764 subsi-

443 3784 530 3848 dium,
548 3792 643 3852 aposto
656 3781 696 3836 ica
715 3791 805 3841 tanuen
822 3784 1024 3841 interveniente
1038 3786 1149 3840 licentia
1174 3784 1364 3854 prolecturus,
1388 3784 1433 3837 ubi
1449 3798 1464 3838 a
1483 3782 1659 3838 sanctissimo
1670 3789 1747 3851 patre
1761 3778 1905 3835 Clemente
1917 3774 1965 3844 rt,

444 3854 574 3910 licinianos
588 3851 713 3908 ecclesie
729 3861 793 3909 turre
807 3853 969 3925 presidente
986 3864 1014 3910 et
1034 3854 1221 3911 cardinalibus
1243 3855 1396 3910 bonorilice
1409 3861 1436 3909 et
1451 3853 1574 3936 gaudens
1600 3862 1736 3921 receptus,
1750 3848 1901 3905 commisso
1913 3847 1968 3903 sibi

443 3925 470 3979 iu
484 3924 540 3994 ipsa
554 3922 727 3991 expeditione
742 3923 886 3995 legationis
904 3923 1013 3990 officio,
1030 3926 1064 3979 de
1080 3924 1209 3981 mandato
1224 3926 1345 3995 ejusdem
1362 3938 1463 3978 summu
1483 3921 1621 3993 pontilicis
1648 3922 1675 3976 iu
1697 3920 1829 3975 auxilium
1843 3918 1969 3985 eiusdem

443 3993 533 4052 Caroli
547 3995 572 4046 iu
586 4005 678 4061 regem
690 3994 845 4049 consecrati
859 3994 915 4063 (en.
931 3994 1008 4057 ¹266,
1026 3993 1107 4049 l'eir.
1122 3993 1183 4063 26),
1199 4010 1261 4049 cum
1277 3994 1372 4049 eodem
1385 4008 1450 4118 rege
1460 4001 1488 4049 et
1499 3992 1558 4057 eius
1570 3990 1834 4061 exercitugressum
1850 3986 1967 4043 direxit.

441 4064 564 4133 Curiique
576 4061 632 4130 jam
654 4062 891 4131 approximassent
905 4064 1124 4119 Beneventanum
1136 4065 1286 4129 civitatem,
1304 4064 1350 4117 ubi
1372 4074 1413 4118 sta
1435 4072 1462 4118 at
1481 4061 1659 4117 adversarius
1670 4074 1731 4115 rum
1748 4060 1969 4114 bleruauuorunx

445 4134 621 4189 multitudine
633 4131 774 4196 bellicosa,
788 4132 954 4203 letitiamque
972 4144 1077 4189 starent
1098 4134 1121 4168 ⁸⁸
1135 4136 1214 4190 acies
1231 4134 1294 4189 birro
1309 4134 1374 4190 inde
1388 4143 1490 4204 paratae
1511 4130 1656 4201 congredi,
1672 4130 1742 4199 ipse,
1756 4137 1786 4183 ut
1800 4135 1863 4183 erat
1880 4128 1969 4183 armis

444 4206 519 4261 intus
539 4200 638 4258 diuinis
658 4205 830 4271 praecinctus,
851 4211 879 4259 et
891 4205 1013 4258 exterius
1027 4203 1137 4262 indutus
1161 4204 1325 4259 utilitatibus
1345 4214 1430 4265 stans,
1454 4215 1536 4273 super
1563 4202 1635 4270 regis
1648 4200 1813 4265 exereitum,
1836 4196 1971 4252 salutaris

443 4274 642 4334 exhortationis
659 4288 785 4329 sermone
801 4273 952 4342 praecinisse,
969 4288 1017 4343 pro
1037 4275 1104 4344 ipsis
1124 4274 1277 4329 anirnandis
1291 4272 1324 4327 ad
1345 4287 1475 4344 pugnarn,
1489 4272 1595 4328 elevata
1620 4285 1702 4325 mauu
1717 4269 1841 4331 loricata.
1854 4276 1969 4349 aposto·

447 4344 499 4402 lira
516 4344 603 4399 lretns
615 4344 788 4409 auctoritate,
804 4358 899 4399 ornnes
919 4344 954 4399 ab
976 4346 1104 4399 omnibus
1126 4345 1247 4415 peccatis
1261 4342 1390 4407 absolvit,
1405 4344 1586 4398 evolationem
1604 4340 1657 4395 illis
1680 4339 1851 4409 premittens
1873 4352 1971 4392 ineun-

443 4424 553 4471 etanter
564 4414 598 4469 ad
612 4416 739 4483 patriam,
756 4414 779 4469 si
797 4415 842 4482 qui
857 4413 928 4470 lorte
943 4415 1094 4470 morientes
1106 4429 1158 4485 pro
1172 4413 1274 4469 viribus
1291 4414 1429 4468 strenuius
1451 4411 1642 4467 debellassent.
1675 4409 1802 4479 liorque,
1818 4415 1848 4461 ut
1864 4408 1966 4487 praedi·

444 4485 562 4541 cationis
581 4499 637 4540 sue
658 4485 823 4554 exerupiaris
837 4485 1002 4555 probaretur
1017 4485 1121 4548 doetvtr,
1136 4499 1191 4539 non
1205 4484 1281 4551 sequi
1295 4484 1343 4539 sed
1356 4482 1512 4565 precedere
1525 4482 1601 4535 visus
1620 4482 1654 4535 ad
1666 4480 1800 4550 praelium,
1815 4487 1894 4533 tanto
1905 4490 1969 4530 anr-

445 4557 584 4612 mositatis
599 4554 698 4610 ardore
711 4556 792 4610 eorda
815 4556 968 4610 videntium
992 4552 1183 4618 inflammarit,
1197 4554 1269 4623 quod
1292 4568 1393 4622 passum
1410 4567 1458 4621 per
1480 4554 1572 4607 bostes
1586 4561 1614 4606 et
1626 4550 1730 4632 gladios
1756 4550 1895 4605 irruentes
1911 4560 1967 4629 tren

445 4626 556 4696 aggredi
572 4623 619 4680 sed
632 4624 724 4679 lurore
738 4625 911 4681 videbantur.
932 4625 960 4678 ln
983 4639 1038 4695 quo
1054 4638 1201 4691 congressu
1218 4624 1356 4678 nrodestiae
1378 4621 1542 4691 pontillealis
1557 4635 1610 4675 nou
1626 4635 1782 4686 immemor,
1803 4626 1967 4696 riurvelacres

446 4695 626 4763 erumpendo,
646 4707 811 4763 suncequos
824 4695 942 4749 bostium
958 4694 1048 4764 gladio
1061 4693 1270 4763 prosternendo,
1283 4707 1356 4747 nurre
1370 4692 1515 4748 clamando
1528 4690 1725 4754 exanimando,
1741 4699 1819 4760 gestu
1830 4696 1858 4742 et
1867 4685 1966 4765 linguae

444 4762 597 4818 redimebat
610 4761 709 4826 officio,
724 4764 795 4831 qnod
808 4763 834 4817 in
849 4779 981 4834 personas
994 4764 1113 4822 hostium
1128 4770 1291 4831 attemptare
1312 4771 1425 4836 propter
1447 4761 1659 4832 irregularitatis
1678 4760 1829 4830 periculum
1850 4755 1967 4811 torsrtan

446 4833 610 4900 expavebat,
625 4832 648 4885 si
664 4832 706 4887 las
721 4834 757 4887 sit
769 4832 894 4900 eredere,
911 4833 983 4904 quod
1000 4833 1041 4887 uir
1052 4843 1181 4888 strenuus
1195 4832 1224 4886 iu
1243 4833 1315 4901 insto
1337 4833 1407 4887 bello
1422 4839 1451 4886 et
1466 4831 1540 4886 letali
1564 4829 1692 4885 eorrliietu
1709 4828 1872 4885 ferientibus
1885 4838 1971 4879 rvtauu

446 4910 541 4955 mutua
554 4915 607 4955 non
619 4912 760 4972 repugnet.
775 4902 899 4970 licitique
914 4901 1055 4959 llardredo
1076 4911 1166 4959 morte
1180 4903 1297 4963 cadente
1312 4903 1338 4958 iu
1356 4900 1437 4968 bello,
1452 4902 1565 4970 suisque
1580 4901 1622 4954 vel
1637 4900 1725 4968 captis
1741 4899 1783 4954 rel
1801 4896 1971 4974 fugientibus

445 4977 494 5032 ant
515 4969 606 5040 gladio
621 4972 784 5042 peremptis,
797 4972 906 5040 expleto
923 4972 1070 5027 victorioso
1085 4974 1236 5030 certamine
1250 4987 1283 5027 ae
1306 4973 1366 5042 ipso
1379 4987 1444 5043 rege
1466 4972 1550 5026 totius
1569 4970 1674 5040 Apulia
1691 4970 1812 5041 regimen
1830 4975 1859 5021 et
1881 4970 1973 5019 domt-
1994 5005 2004 5020 .

447 5041 524 5096 nium
546 5041 722 5110 tranquillum
744 5042 853 5124 adepto,
871 5057 933 5097 eum
949 5044 1008 5111 ipso
1024 5040 1185 5111 aliquandiu
1205 5050 1405 5108 commoratus,
1420 5041 1521 5096 deinde
1542 5040 1679 5097 valedicto
1694 5040 1843 5098 recedens,
1859 5043 1973 5116 aposto·

447 5110 500 5170 tica
516 5111 612 5168 revisit
625 5112 740 5179 limina;
760 5115 804 5168 ubt
823 5128 838 5166 a
852 5126 921 5184 papa
936 5124 964 5168 ot
975 5110 1106 5167 iratribus
1117 5127 1179 5168 oum
1196 5113 1288 5168 latitia
1308 5121 1336 5167 et
1347 5112 1525 5168 veneratione
1544 5117 1689 5181 susceptus
1704 5119 1731 5165 et
1751 5110 1856 5177 aliquot
1870 5107 1973 5159 ctrebns

447 5182 606 5308 ingobertus,
622 5196 654 5237 ae
664 5182 761 5238 deinde
770 5198 835 5239 eum
847 5182 996 5254 apostoliea
1008 5181 1199 5240 benedictione
1211 5183 1354 5250 recedens,
1366 5183 1419 5240 iter
1429 5196 1509 5238 suum
1527 5180 1643 5237 [turnino
1659 5193 1822 5251 prosperum
1837 5176 1972 5239 laeieute,

449 5267 464 5307 a
502 5266 610 5329 propria
624 5266 765 5325 regressus
783 5263 835 5309 est.

978 5344 1092 5402 tuntas
1115 5345 1314 5406 esurientis.

376 5459 539 5538 “elipsi-
581 5459 606 5494 ⁸⁸
623 5462 784 5524 nunduml.
823 5461 987 5527 '‘rexited.
1022 5463 1045 5495 ⁸⁸
1063 5470 1150 5521 staret
1165 5464 1208 5522 ed.

1093 5618 1208 5688 NOTAE.

376 5775 424 5917 {¹⁷13
447 5774 668 5915 {balurtcar'mepacis
679 5843 770 5915 vigilia
783 5843 812 5900 S.
828 5847 942 5904 Andreas
959 5845 990 5917 (i.
1008 5859 1032 5904 e.
1049 5844 1117 5908 lior.
1131 5844 1178 5916 29)
1198 5860 1233 5933 a.
1257 5844 1328 5903 tais
1342 5845 1435 5908 datam
1458 5858 1537 5913 esse,
1555 5848 1661 5906 Calntet
1672 5843 1708 5914 ll,
1725 5855 1742 5915 p
1764 5843 1826 5911 5⁰3,
1842 5847 1973 5924 tratetis.
