<?xml version="1.0" encoding="UTF-8"?>
<!DOCTYPE html PUBLIC "-//W3C//DTD XHTML 1.0 Transitional//EN"
    "http://www.w3.org/TR/xhtml1/DTD/xhtml1-transitional.dtd">
<html xmlns="http://www.w3.org/1999/xhtml" xml:lang="en" lang="en">
 <head>
  <title>
</title>
<meta http-equiv="Content-Type" content="text/html;charset=utf-8" />
  <meta name='ocr-system' content='tesseract 3.04.00' />
  <meta name='ocr-capabilities' content='ocr_page ocr_carea ocr_par ocr_line ocrx_word'/>
</head>
<body>
  <div class='ocr_page' id='page_1' title='image "./patrologiaecurs97unkngoog/patrologiaecurs97unkngoog_0030.png"; bbox 0 0 4584 6767; ppageno 0'>
   <div class='ocr_carea' id='block_1_1' title="bbox 339 587 1977 685">
    <p class='ocr_par' dir='ltr' id='par_1_1' title="bbox 339 587 1977 685">
     <span class='ocr_line' id='line_1_1' title="bbox 339 587 1977 685; baseline 0.007 -27"><span class='ocrx_word' id='word_1_1' title='bbox 339 601 372 658; x_wconf 86' lang='lat' dir='ltr'>m</span> <span class='ocrx_word' id='word_1_2' title='bbox 827 604 968 663; x_wconf 81' lang='lat' dir='ltr'>nortem</span> <span class='ocrx_word' id='word_1_3' title='bbox 987 606 1017 666; x_wconf 90' lang='lat' dir='ltr'>s.</span> <span class='ocrx_word' id='word_1_4' title='bbox 1032 607 1218 685; x_wconf 80' lang='grc' dir='ltr'>ιιιιιιιιιιιι</span> <span class='ocrx_word' id='word_1_5' title='bbox 1237 609 1509 669; x_wconf 81' lang='grc' dir='ltr'>ιιοιι.ιιοιιιιιιι</span> <span class='ocrx_word' id='word_1_6' title='bbox 1854 587 1858 594; x_wconf 83' lang='grc'><strong>’</strong></span> <span class='ocrx_word' id='word_1_7' title='bbox 1941 611 1977 669; x_wconf 78' lang='grc' dir='ltr'>ιι</span> 
     </span>
    </p>
   </div>
   <div class='ocr_carea' id='block_1_2' title="bbox 296 716 1997 1803">
    <p class='ocr_par' dir='ltr' id='par_1_2' title="bbox 296 716 1997 1803">
     <span class='ocr_line' id='line_1_2' title="bbox 338 716 1974 803; baseline 0.006 -32"><span class='ocrx_word' id='word_1_8' title='bbox 338 717 454 788; x_wconf 82' lang='lat' dir='ltr'>ciperet,</span> <span class='ocrx_word' id='word_1_9' title='bbox 484 716 604 786; x_wconf 84' lang='lat' dir='ltr'>totisque</span> <span class='ocrx_word' id='word_1_10' title='bbox 627 728 725 803; x_wconf 74' lang='lat' dir='ltr'>norem</span> <span class='ocrx_word' id='word_1_11' title='bbox 754 720 895 776; x_wconf 84' lang='lat' dir='ltr'>mensibus</span> <span class='ocrx_word' id='word_1_12' title='bbox 920 720 992 777; x_wconf 90' lang='lat' dir='ltr'>lelici</span> <span class='ocrx_word' id='word_1_13' title='bbox 1020 723 1129 793; x_wconf 77' lang='lat' dir='ltr'>gravida</span> <span class='ocrx_word' id='word_1_14' title='bbox 1144 730 1168 784; x_wconf 87' lang='grc' dir='ltr'><strong>Α</strong></span> <span class='ocrx_word' id='word_1_15' title='bbox 1182 724 1226 779; x_wconf 88' lang='lat' dir='ltr'>nia</span> <span class='ocrx_word' id='word_1_16' title='bbox 1240 722 1312 781; x_wconf 90' lang='lat' dir='ltr'>lacta</span> <span class='ocrx_word' id='word_1_17' title='bbox 1332 734 1407 792; x_wconf 87' lang='lat' dir='ltr'>sunt,</span> <span class='ocrx_word' id='word_1_18' title='bbox 1428 724 1592 782; x_wconf 88' lang='lat' dir='ltr'>conditionis</span> <span class='ocrx_word' id='word_1_19' title='bbox 1617 726 1743 783; x_wconf 76' lang='lat' dir='ltr'>bumana</span> <span class='ocrx_word' id='word_1_20' title='bbox 1766 724 1863 797; x_wconf 78' lang='lat' dir='ltr'>fragile</span> <span class='ocrx_word' id='word_1_21' title='bbox 1882 724 1974 782; x_wconf 88' lang='lat' dir='ltr'>induit</span> 
     </span>
     <span class='ocr_line' id='line_1_3' title="bbox 337 806 1975 888; baseline 0.004 -17"><span class='ocrx_word' id='word_1_22' title='bbox 337 806 494 875; x_wconf 67' lang='lat' dir='ltr'>huiusmodi</span> <span class='ocrx_word' id='word_1_23' title='bbox 508 822 603 873; x_wconf 64' lang='lat' dir='ltr'>utere,</span> <span class='ocrx_word' id='word_1_24' title='bbox 614 808 641 862; x_wconf 72' lang='lat' dir='ltr'>ln</span> <span class='ocrx_word' id='word_1_25' title='bbox 658 815 736 864; x_wconf 81' lang='lat' dir='ltr'>ttlero</span> <span class='ocrx_word' id='word_1_26' title='bbox 750 818 881 880; x_wconf 86' lang='lat' dir='ltr'>gestaret.</span> <span class='ocrx_word' id='word_1_27' title='bbox 1183 819 1341 888; x_wconf 79' lang='lat' dir='ltr'>figmentum</span> <span class='ocrx_word' id='word_1_28' title='bbox 1356 837 1363 876; x_wconf 92' lang='lat'>:</span> <span class='ocrx_word' id='word_1_29' title='bbox 1381 829 1475 875; x_wconf 87' lang='lat' dir='ltr'>tenera</span> <span class='ocrx_word' id='word_1_30' title='bbox 1495 833 1580 876; x_wconf 88' lang='lat' dir='ltr'>carne</span> <span class='ocrx_word' id='word_1_31' title='bbox 1601 819 1767 877; x_wconf 84' lang='lat' dir='ltr'>circumdari</span> <span class='ocrx_word' id='word_1_32' title='bbox 1782 818 1916 876; x_wconf 73' lang='lat' dir='ltr'>Divinitas</span> <span class='ocrx_word' id='word_1_33' title='bbox 1926 835 1975 877; x_wconf 81' lang='lat' dir='ltr'>ro·</span> 
     </span>
     <span class='ocr_line' id='line_1_4' title="bbox 347 900 1974 979; baseline 0.008 -25"><span class='ocrx_word' id='word_1_34' title='bbox 347 934 350 942; x_wconf 47' lang='grc' dir='ltr'>ι</span> <span class='ocrx_word' id='word_1_35' title='bbox 374 901 438 956; x_wconf 80' lang='lat' dir='ltr'>ttae</span> <span class='ocrx_word' id='word_1_36' title='bbox 458 901 586 971; x_wconf 72' lang='lat' dir='ltr'>praedicta</span> <span class='ocrx_word' id='word_1_37' title='bbox 609 900 714 956; x_wconf 88' lang='lat' dir='ltr'>dicrum</span> <span class='ocrx_word' id='word_1_38' title='bbox 729 916 826 956; x_wconf 85' lang='lat' dir='ltr'>aorem</span> <span class='ocrx_word' id='word_1_39' title='bbox 840 902 1024 967; x_wconf 84' lang='lat' dir='ltr'>observantia.</span> <span class='ocrx_word' id='word_1_40' title='bbox 1048 905 1123 959; x_wconf 89' lang='lat' dir='ltr'>anti·</span> <span class='ocrx_word' id='word_1_41' title='bbox 1181 908 1231 965; x_wconf 89' lang='lat' dir='ltr'>luit</span> <span class='ocrx_word' id='word_1_42' title='bbox 1246 910 1273 965; x_wconf 88' lang='lat' dir='ltr'>iu</span> <span class='ocrx_word' id='word_1_43' title='bbox 1289 918 1369 966; x_wconf 87' lang='lat' dir='ltr'>utero</span> <span class='ocrx_word' id='word_1_44' title='bbox 1392 909 1515 979; x_wconf 83' lang='lat' dir='ltr'>virgineo</span> <span class='ocrx_word' id='word_1_45' title='bbox 1538 927 1572 967; x_wconf 90' lang='lat' dir='ltr'>ac</span> <span class='ocrx_word' id='word_1_46' title='bbox 1598 911 1818 979; x_wconf 81' lang='lat' dir='ltr'>nostraeconniri</span> <span class='ocrx_word' id='word_1_47' title='bbox 1844 911 1974 967; x_wconf 86' lang='lat' dir='ltr'>substan·</span> 
     </span>
     <span class='ocr_line' id='line_1_5' title="bbox 335 990 1973 1069; baseline 0.007 -24"><span class='ocrx_word' id='word_1_48' title='bbox 335 990 547 1063; x_wconf 83' lang='lat' dir='ltr'>pbonarumque</span> <span class='ocrx_word' id='word_1_49' title='bbox 562 992 654 1064; x_wconf 88' lang='lat' dir='ltr'>signat</span> <span class='ocrx_word' id='word_1_50' title='bbox 674 992 814 1050; x_wconf 85' lang='lat' dir='ltr'>distinctio</span> <span class='ocrx_word' id='word_1_51' title='bbox 828 995 988 1051; x_wconf 79' lang='lat' dir='ltr'>novenaria.</span> <span class='ocrx_word' id='word_1_52' title='bbox 1005 994 1058 1051; x_wconf 83' lang='lat' dir='ltr'>Pro</span> <span class='ocrx_word' id='word_1_53' title='bbox 1072 995 1128 1051; x_wconf 91' lang='lat' dir='ltr'>sin·</span> <span class='ocrx_word' id='word_1_54' title='bbox 1182 994 1225 1049; x_wconf 81' lang='lat' dir='ltr'>tite</span> <span class='ocrx_word' id='word_1_55' title='bbox 1251 1010 1351 1051; x_wconf 85' lang='lat' dir='ltr'>arcano</span> <span class='ocrx_word' id='word_1_56' title='bbox 1371 997 1511 1066; x_wconf 77' lang='lat' dir='ltr'>sapientire</span> <span class='ocrx_word' id='word_1_57' title='bbox 1526 1013 1582 1054; x_wconf 88' lang='lat' dir='ltr'>suae</span> <span class='ocrx_word' id='word_1_58' title='bbox 1606 999 1731 1068; x_wconf 87' lang='lat' dir='ltr'>consilio,</span> <span class='ocrx_word' id='word_1_59' title='bbox 1753 1000 1794 1057; x_wconf 90' lang='lat' dir='ltr'>sic</span> <span class='ocrx_word' id='word_1_60' title='bbox 1818 1011 1849 1056; x_wconf 93' lang='lat' dir='ltr'>ut</span> <span class='ocrx_word' id='word_1_61' title='bbox 1866 1000 1894 1056; x_wconf 91' lang='lat' dir='ltr'>in</span> <span class='ocrx_word' id='word_1_62' title='bbox 1918 1016 1973 1069; x_wconf 81' lang='lat' dir='ltr'>uno</span> 
     </span>
     <span class='ocr_line' id='line_1_6' title="bbox 336 1082 1973 1165; baseline 0.007 -28"><span class='ocrx_word' id='word_1_63' title='bbox 336 1082 410 1154; x_wconf 88' lang='lat' dir='ltr'>gulis</span> <span class='ocrx_word' id='word_1_64' title='bbox 426 1083 562 1144; x_wconf 82' lang='lat' dir='ltr'>mensium</span> <span class='ocrx_word' id='word_1_65' title='bbox 577 1084 635 1141; x_wconf 87' lang='lat' dir='ltr'>dies</span> <span class='ocrx_word' id='word_1_66' title='bbox 646 1084 750 1155; x_wconf 91' lang='lat' dir='ltr'>singuli</span> <span class='ocrx_word' id='word_1_67' title='bbox 764 1083 952 1142; x_wconf 75' lang='lat' dir='ltr'>observabiles</span> <span class='ocrx_word' id='word_1_68' title='bbox 964 1095 1039 1153; x_wconf 88' lang='lat' dir='ltr'>sunt,</span> <span class='ocrx_word' id='word_1_69' title='bbox 1051 1088 1131 1143; x_wconf 91' lang='lat' dir='ltr'>item·</span> <span class='ocrx_word' id='word_1_70' title='bbox 1180 1089 1330 1159; x_wconf 84' lang='lat' dir='ltr'>eodemque</span> <span class='ocrx_word' id='word_1_71' title='bbox 1343 1096 1371 1144; x_wconf 89' lang='lat' dir='ltr'>et</span> <span class='ocrx_word' id='word_1_72' title='bbox 1395 1089 1494 1165; x_wconf 63' lang='lat' dir='ltr'>divinae</span> <span class='ocrx_word' id='word_1_73' title='bbox 1520 1090 1640 1145; x_wconf 74' lang='lat' dir='ltr'>radiaret</span> <span class='ocrx_word' id='word_1_74' title='bbox 1661 1090 1789 1161; x_wconf 91' lang='lat' dir='ltr'>splendor</span> <span class='ocrx_word' id='word_1_75' title='bbox 1811 1100 1927 1160; x_wconf 74' lang='lat' dir='ltr'>natura,</span> <span class='ocrx_word' id='word_1_76' title='bbox 1945 1100 1973 1149; x_wconf 86' lang='lat' dir='ltr'>et</span> 
     </span>
     <span class='ocr_line' id='line_1_7' title="bbox 334 1175 1971 1253; baseline 0.004 -22"><span class='ocrx_word' id='word_1_77' title='bbox 334 1190 390 1246; x_wconf 80' lang='lat' dir='ltr'>que</span> <span class='ocrx_word' id='word_1_78' title='bbox 419 1175 536 1248; x_wconf 76' lang='lat' dir='ltr'>singulae</span> <span class='ocrx_word' id='word_1_79' title='bbox 564 1177 782 1247; x_wconf 73' lang='lat' dir='ltr'>antiphonarum</span> <span class='ocrx_word' id='word_1_80' title='bbox 821 1179 943 1251; x_wconf 89' lang='lat' dir='ltr'>singulas</span> <span class='ocrx_word' id='word_1_81' title='bbox 971 1179 1128 1249; x_wconf 84' lang='lat' dir='ltr'>exprimunt</span> <span class='ocrx_word' id='word_1_82' title='bbox 1179 1179 1282 1235; x_wconf 85' lang='lat' dir='ltr'>raritas</span> <span class='ocrx_word' id='word_1_83' title='bbox 1309 1188 1454 1249; x_wconf 86' lang='lat' dir='ltr'>appareret</span> <span class='ocrx_word' id='word_1_84' title='bbox 1482 1180 1651 1237; x_wconf 86' lang='lat' dir='ltr'>inllrmitatis</span> <span class='ocrx_word' id='word_1_85' title='bbox 1678 1181 1971 1253; x_wconf 81' lang='lat' dir='ltr'>assumptae.llocju·</span> 
     </span>
     <span class='ocr_line' id='line_1_8' title="bbox 335 1269 1972 1349; baseline 0.005 -26"><span class='ocrx_word' id='word_1_86' title='bbox 335 1270 497 1341; x_wconf 87' lang='lat' dir='ltr'>gratiarum.</span> <span class='ocrx_word' id='word_1_87' title='bbox 511 1269 577 1326; x_wconf 83' lang='lat' dir='ltr'>inde</span> <span class='ocrx_word' id='word_1_88' title='bbox 605 1270 684 1327; x_wconf 88' lang='lat' dir='ltr'>nubis</span> <span class='ocrx_word' id='word_1_89' title='bbox 712 1273 889 1341; x_wconf 71' lang='lat' dir='ltr'>praesentium</span> <span class='ocrx_word' id='word_1_90' title='bbox 909 1272 992 1327; x_wconf 91' lang='lat' dir='ltr'>datur</span> <span class='ocrx_word' id='word_1_91' title='bbox 1015 1274 1128 1329; x_wconf 90' lang='lat' dir='ltr'>materia</span> <span class='ocrx_word' id='word_1_92' title='bbox 1180 1273 1277 1329; x_wconf 77' lang='lat' dir='ltr'>eundae</span> <span class='ocrx_word' id='word_1_93' title='bbox 1294 1273 1471 1349; x_wconf 82' lang='lat' dir='ltr'>laudisclara</span> <span class='ocrx_word' id='word_1_94' title='bbox 1490 1283 1620 1345; x_wconf 89' lang='lat' dir='ltr'>personat</span> <span class='ocrx_word' id='word_1_95' title='bbox 1637 1274 1808 1331; x_wconf 81' lang='lat' dir='ltr'>celebritas:</span> <span class='ocrx_word' id='word_1_96' title='bbox 1830 1277 1882 1332; x_wconf 87' lang='lat' dir='ltr'>ltdc</span> <span class='ocrx_word' id='word_1_97' title='bbox 1894 1291 1972 1333; x_wconf 79' lang='lat' dir='ltr'>noua</span> 
     </span>
     <span class='ocr_line' id='line_1_9' title="bbox 296 1360 1972 1436; baseline 0.004 -22"><span class='ocrx_word' id='word_1_98' title='bbox 296 1413 303 1430; x_wconf 80' lang='lat'>.</span> <span class='ocrx_word' id='word_1_99' title='bbox 334 1360 591 1430; x_wconf 79' lang='lat' dir='ltr'>gaudiorumzbine</span> <span class='ocrx_word' id='word_1_100' title='bbox 611 1364 809 1418; x_wconf 76' lang='lat' dir='ltr'>rtativmcausa</span> <span class='ocrx_word' id='word_1_101' title='bbox 836 1363 1026 1428; x_wconf 81' lang='lat' dir='ltr'>celebritatis,</span> <span class='ocrx_word' id='word_1_102' title='bbox 1046 1380 1127 1436; x_wconf 84' lang='lat' dir='ltr'>quam</span> <span class='ocrx_word' id='word_1_103' title='bbox 1181 1363 1329 1432; x_wconf 83' lang='lat' dir='ltr'>tripudium</span> <span class='ocrx_word' id='word_1_104' title='bbox 1347 1362 1458 1428; x_wconf 81' lang='lat' dir='ltr'>laetitiae.</span> <span class='ocrx_word' id='word_1_105' title='bbox 1474 1374 1502 1419; x_wconf 91' lang='lat' dir='ltr'>et</span> <span class='ocrx_word' id='word_1_106' title='bbox 1521 1364 1564 1434; x_wconf 89' lang='lat' dir='ltr'>pia</span> <span class='ocrx_word' id='word_1_107' title='bbox 1578 1374 1738 1420; x_wconf 86' lang='lat' dir='ltr'>sanctarum</span> <span class='ocrx_word' id='word_1_108' title='bbox 1750 1365 1883 1435; x_wconf 81' lang='lat' dir='ltr'>exprimit</span> <span class='ocrx_word' id='word_1_109' title='bbox 1894 1380 1972 1422; x_wconf 88' lang='lat' dir='ltr'>men·</span> 
     </span>
     <span class='ocr_line' id='line_1_10' title="bbox 332 1453 1972 1523; baseline 0.002 -15"><span class='ocrx_word' id='word_1_110' title='bbox 332 1454 380 1523; x_wconf 88' lang='lat' dir='ltr'>plo</span> <span class='ocrx_word' id='word_1_111' title='bbox 399 1453 491 1511; x_wconf 84' lang='lat' dir='ltr'>retulit</span> <span class='ocrx_word' id='word_1_112' title='bbox 502 1455 592 1512; x_wconf 91' lang='lat' dir='ltr'>studio</span> <span class='ocrx_word' id='word_1_113' title='bbox 615 1455 804 1514; x_wconf 86' lang='lat' dir='ltr'>ecclesiastica</span> <span class='ocrx_word' id='word_1_114' title='bbox 822 1456 954 1522; x_wconf 80' lang='lat' dir='ltr'>sedulitas</span> <span class='ocrx_word' id='word_1_115' title='bbox 971 1457 1128 1513; x_wconf 80' lang='lat' dir='ltr'>recursibus</span> <span class='ocrx_word' id='word_1_116' title='bbox 1181 1456 1249 1512; x_wconf 89' lang='lat' dir='ltr'>tium</span> <span class='ocrx_word' id='word_1_117' title='bbox 1263 1455 1400 1512; x_wconf 77' lang='lat' dir='ltr'>hilaritas.</span> <span class='ocrx_word' id='word_1_118' title='bbox 1413 1456 1521 1512; x_wconf 83' lang='lat' dir='ltr'>llaecdc</span> <span class='ocrx_word' id='word_1_119' title='bbox 1535 1456 1712 1512; x_wconf 82' lang='lat' dir='ltr'>observantia</span> <span class='ocrx_word' id='word_1_120' title='bbox 1727 1465 1782 1511; x_wconf 90' lang='lat' dir='ltr'>tam</span> <span class='ocrx_word' id='word_1_121' title='bbox 1793 1456 1894 1513; x_wconf 89' lang='lat' dir='ltr'>celebri</span> <span class='ocrx_word' id='word_1_122' title='bbox 1906 1458 1972 1513; x_wconf 87' lang='lat' dir='ltr'>stri·</span> 
     </span>
     <span class='ocr_line' id='line_1_11' title="bbox 332 1544 1972 1619; baseline 0.001 -22"><span class='ocrx_word' id='word_1_123' title='bbox 332 1545 444 1600; x_wconf 78' lang='lat' dir='ltr'>annuis.</span> <span class='ocrx_word' id='word_1_124' title='bbox 460 1544 511 1601; x_wconf 90' lang='lat' dir='ltr'>llic</span> <span class='ocrx_word' id='word_1_125' title='bbox 525 1546 587 1602; x_wconf 89' lang='lat' dir='ltr'>duis</span> <span class='ocrx_word' id='word_1_126' title='bbox 608 1548 835 1617; x_wconf 82' lang='lat' dir='ltr'>promissionum,</span> <span class='ocrx_word' id='word_1_127' title='bbox 849 1563 910 1619; x_wconf 81' lang='lat' dir='ltr'>qtrae</span> <span class='ocrx_word' id='word_1_128' title='bbox 925 1547 959 1601; x_wconf 88' lang='lat' dir='ltr'>ad</span> <span class='ocrx_word' id='word_1_129' title='bbox 971 1547 1068 1604; x_wconf 89' lang='lat' dir='ltr'>Patres</span> <span class='ocrx_word' id='word_1_130' title='bbox 1084 1548 1126 1603; x_wconf 86' lang='lat' dir='ltr'>la·</span> <span class='ocrx_word' id='word_1_131' title='bbox 1179 1548 1267 1614; x_wconf 80' lang='lat' dir='ltr'>etim,</span> <span class='ocrx_word' id='word_1_132' title='bbox 1291 1546 1366 1603; x_wconf 92' lang='lat' dir='ltr'>tenui</span> <span class='ocrx_word' id='word_1_133' title='bbox 1391 1546 1535 1601; x_wconf 76' lang='lat' dir='ltr'>uerborum</span> <span class='ocrx_word' id='word_1_134' title='bbox 1551 1544 1627 1615; x_wconf 80' lang='lat' dir='ltr'>copia</span> <span class='ocrx_word' id='word_1_135' title='bbox 1648 1544 1815 1608; x_wconf 85' lang='lat' dir='ltr'>dixerimus,</span> <span class='ocrx_word' id='word_1_136' title='bbox 1833 1560 1868 1600; x_wconf 88' lang='lat' dir='ltr'>ne</span> <span class='ocrx_word' id='word_1_137' title='bbox 1881 1545 1972 1614; x_wconf 86' lang='lat' dir='ltr'>amico</span> 
     </span>
     <span class='ocr_line' id='line_1_12' title="bbox 331 1635 1997 1709; baseline -0.001 -15"><span class='ocrx_word' id='word_1_138' title='bbox 331 1644 486 1703; x_wconf 74' lang='lat' dir='ltr'>ctaesuut;</span> <span class='ocrx_word' id='word_1_139' title='bbox 514 1638 573 1693; x_wconf 82' lang='lat' dir='ltr'>lraec</span> <span class='ocrx_word' id='word_1_140' title='bbox 598 1638 770 1708; x_wconf 79' lang='lat' dir='ltr'>adimpletio,</span> <span class='ocrx_word' id='word_1_141' title='bbox 792 1654 841 1695; x_wconf 88' lang='lat' dir='ltr'>seu</span> <span class='ocrx_word' id='word_1_142' title='bbox 866 1640 970 1694; x_wconf 82' lang='lat' dir='ltr'>ueritas</span> <span class='ocrx_word' id='word_1_143' title='bbox 991 1639 1125 1705; x_wconf 84' lang='lat' dir='ltr'>omnium,</span> <span class='ocrx_word' id='word_1_144' title='bbox 1179 1637 1306 1694; x_wconf 85' lang='lat' dir='ltr'>latniliari</span> <span class='ocrx_word' id='word_1_145' title='bbox 1327 1638 1508 1695; x_wconf 86' lang='lat' dir='ltr'>officiositatis</span> <span class='ocrx_word' id='word_1_146' title='bbox 1537 1638 1654 1709; x_wconf 81' lang='lat' dir='ltr'>propriae</span> <span class='ocrx_word' id='word_1_147' title='bbox 1685 1652 1769 1707; x_wconf 87' lang='lat' dir='ltr'>opera</span> <span class='ocrx_word' id='word_1_148' title='bbox 1795 1635 1997 1707; x_wconf 74' lang='lat' dir='ltr'>aliquatenus·</span> 
     </span>
     <span class='ocr_line' id='line_1_13' title="bbox 331 1727 1499 1803; baseline 0.007 -23"><span class='ocrx_word' id='word_1_149' title='bbox 331 1740 394 1796; x_wconf 79' lang='lat' dir='ltr'>qua</span> <span class='ocrx_word' id='word_1_150' title='bbox 409 1741 424 1780; x_wconf 86' lang='lat' dir='ltr'>u</span> <span class='ocrx_word' id='word_1_151' title='bbox 443 1727 585 1799; x_wconf 85' lang='lat' dir='ltr'>prophetis</span> <span class='ocrx_word' id='word_1_152' title='bbox 598 1727 679 1799; x_wconf 89' lang='lat' dir='ltr'>longe</span> <span class='ocrx_word' id='word_1_153' title='bbox 698 1739 763 1785; x_wconf 90' lang='lat' dir='ltr'>ante</span> <span class='ocrx_word' id='word_1_154' title='bbox 776 1732 906 1802; x_wconf 77' lang='lat' dir='ltr'>predicta</span> <span class='ocrx_word' id='word_1_155' title='bbox 919 1739 993 1787; x_wconf 81' lang='lat' dir='ltr'>suttt.</span> <span class='ocrx_word' id='word_1_156' title='bbox 1006 1730 1126 1786; x_wconf 80' lang='lat' dir='ltr'>verbnm</span> <span class='ocrx_word' id='word_1_157' title='bbox 1178 1731 1296 1787; x_wconf 87' lang='lat' dir='ltr'>deluissc</span> <span class='ocrx_word' id='word_1_158' title='bbox 1308 1731 1433 1788; x_wconf 84' lang='lat' dir='ltr'>rideatur</span> <span class='ocrx_word' id='word_1_159' title='bbox 1447 1730 1499 1803; x_wconf 79' lang='lat'>(5).</span> 
     </span>
    </p>
   </div>
   <div class='ocr_carea' id='block_1_3' title="bbox 325 1817 1186 1943">
    <p class='ocr_par' dir='ltr' id='par_1_3' title="bbox 325 1817 1186 1943">
     <span class='ocr_line' id='line_1_14' title="bbox 325 1817 1186 1943; baseline 0.005 -70"><span class='ocrx_word' id='word_1_160' title='bbox 325 1818 404 1943; x_wconf 65' lang='lat' dir='ltr'>¹tgttud</span> <span class='ocrx_word' id='word_1_161' title='bbox 418 1817 446 1874; x_wconf 90' lang='lat' dir='ltr'>in</span> <span class='ocrx_word' id='word_1_162' title='bbox 460 1819 595 1891; x_wconf 88' lang='lat' dir='ltr'>principio</span> <span class='ocrx_word' id='word_1_163' title='bbox 607 1821 755 1893; x_wconf 72' lang='lat' dir='ltr'>eratapud</span> <span class='ocrx_word' id='word_1_164' title='bbox 771 1823 867 1888; x_wconf 84' lang='lat' dir='ltr'>Deum,</span> <span class='ocrx_word' id='word_1_165' title='bbox 882 1829 909 1878; x_wconf 89' lang='lat' dir='ltr'>et</span> <span class='ocrx_word' id='word_1_166' title='bbox 923 1821 1053 1892; x_wconf 86' lang='lat' dir='ltr'>perqnod</span> <span class='ocrx_word' id='word_1_167' title='bbox 1067 1837 1126 1877; x_wconf 92' lang='lat' dir='ltr'>om·</span> <span class='ocrx_word' id='word_1_168' title='bbox 1182 1871 1186 1877; x_wconf 90' lang='lat'>.</span> 
     </span>
    </p>
   </div>
   <div class='ocr_carea' id='block_1_4' title="bbox 325 2013 1971 2785">
    <p class='ocr_par' dir='ltr' id='par_1_4' title="bbox 325 2013 1971 2785">
     <span class='ocr_line' id='line_1_15' title="bbox 325 2013 1971 2139; baseline 0.002 -70"><span class='ocrx_word' id='word_1_169' title='bbox 325 2074 328 2080; x_wconf 59' lang='grc'><strong>,</strong></span> <span class='ocrx_word' id='word_1_170' title='bbox 368 2014 408 2087; x_wconf 80' lang='lat'>(5)</span> <span class='ocrx_word' id='word_1_171' title='bbox 422 2015 477 2072; x_wconf 82' lang='lat' dir='ltr'>uro</span> <span class='ocrx_word' id='word_1_172' title='bbox 492 2013 628 2071; x_wconf 79' lang='lat' dir='ltr'>Coronide</span> <span class='ocrx_word' id='word_1_173' title='bbox 642 2017 713 2074; x_wconf 90' lang='lat' dir='ltr'>scire</span> <span class='ocrx_word' id='word_1_174' title='bbox 732 2026 757 2073; x_wconf 89' lang='lat' dir='ltr'>te</span> <span class='ocrx_word' id='word_1_175' title='bbox 772 2026 892 2089; x_wconf 82' lang='lat' dir='ltr'>oportet,</span> <span class='ocrx_word' id='word_1_176' title='bbox 907 2016 1062 2074; x_wconf 83' lang='lat' dir='ltr'>clarissime</span> <span class='ocrx_word' id='word_1_177' title='bbox 1076 2018 1125 2075; x_wconf 86' lang='lat' dir='ltr'>do·</span> <span class='ocrx_word' id='word_1_178' title='bbox 1176 2016 1411 2089; x_wconf 83' lang='lat' dir='ltr'>enimregionum‚</span> <span class='ocrx_word' id='word_1_179' title='bbox 1423 2018 1517 2073; x_wconf 88' lang='lat' dir='ltr'>imoet</span> <span class='ocrx_word' id='word_1_180' title='bbox 1531 2014 1672 2073; x_wconf 84' lang='lat' dir='ltr'>hominum</span> <span class='ocrx_word' id='word_1_181' title='bbox 1687 2015 1861 2139; x_wconf 44' lang='lat' dir='ltr'>(plerumnque,</span> <span class='ocrx_word' id='word_1_182' title='bbox 1875 2016 1971 2090; x_wconf 86' lang='lat' dir='ltr'>singu-¹</span> 
     </span>
     <span class='ocr_line' id='line_1_16' title="bbox 330 2081 1969 2156; baseline 0.001 -14"><span class='ocrx_word' id='word_1_183' title='bbox 330 2086 414 2146; x_wconf 86' lang='lat' dir='ltr'>tttitte,</span> <span class='ocrx_word' id='word_1_184' title='bbox 429 2086 500 2155; x_wconf 86' lang='lat' dir='ltr'>quod</span> <span class='ocrx_word' id='word_1_185' title='bbox 517 2088 622 2156; x_wconf 83' lang='lat' dir='ltr'>priscus</span> <span class='ocrx_word' id='word_1_186' title='bbox 638 2081 767 2143; x_wconf 73' lang='lat' dir='ltr'>Ecclesiae</span> <span class='ocrx_word' id='word_1_187' title='bbox 782 2088 939 2145; x_wconf 77' lang='lat' dir='ltr'>Leodlensis</span> <span class='ocrx_word' id='word_1_188' title='bbox 954 2091 1121 2144; x_wconf 87' lang='lat' dir='ltr'>ususdecem</span> <span class='ocrx_word' id='word_1_189' title='bbox 1175 2089 1263 2146; x_wconf 90' lang='lat' dir='ltr'>lorum</span> <span class='ocrx_word' id='word_1_190' title='bbox 1279 2103 1370 2145; x_wconf 87' lang='lat' dir='ltr'>mures</span> <span class='ocrx_word' id='word_1_191' title='bbox 1386 2095 1451 2143; x_wconf 91' lang='lat' dir='ltr'>sunt</span> <span class='ocrx_word' id='word_1_192' title='bbox 1472 2087 1583 2153; x_wconf 80' lang='lat' dir='ltr'>diversi,</span> <span class='ocrx_word' id='word_1_193' title='bbox 1598 2100 1648 2140; x_wconf 91' lang='lat' dir='ltr'>nec</span> <span class='ocrx_word' id='word_1_194' title='bbox 1677 2085 1684 2139; x_wconf 98' lang='lat' dir='ltr'>i</span> <span class='ocrx_word' id='word_1_195' title='bbox 1705 2100 1738 2141; x_wconf 92' lang='lat' dir='ltr'>eu</span> <span class='ocrx_word' id='word_1_196' title='bbox 1764 2093 1854 2143; x_wconf 87' lang='lat' dir='ltr'>tamen</span> <span class='ocrx_word' id='word_1_197' title='bbox 1876 2086 1904 2144; x_wconf 89' lang='lat' dir='ltr'>iu</span> <span class='ocrx_word' id='word_1_198' title='bbox 1922 2103 1969 2142; x_wconf 91' lang='lat' dir='ltr'>ur·</span> 
     </span>
     <span class='ocr_line' id='line_1_17' title="bbox 332 2154 1968 2237; baseline -0.001 -26"><span class='ocrx_word' id='word_1_199' title='bbox 332 2157 433 2211; x_wconf 87' lang='lat' dir='ltr'>lrabeat</span> <span class='ocrx_word' id='word_1_200' title='bbox 446 2154 611 2237; x_wconf 85' lang='lat' dir='ltr'>aittipltonas</span> <span class='ocrx_word' id='word_1_201' title='bbox 628 2158 782 2212; x_wconf 86' lang='lat' dir='ltr'>:decimam</span> <span class='ocrx_word' id='word_1_202' title='bbox 802 2160 874 2214; x_wconf 88' lang='lat' dir='ltr'>caint</span> <span class='ocrx_word' id='word_1_203' title='bbox 887 2159 921 2213; x_wconf 89' lang='lat' dir='ltr'>de</span> <span class='ocrx_word' id='word_1_204' title='bbox 935 2167 1031 2214; x_wconf 86' lang='lat' dir='ltr'>sancto</span> <span class='ocrx_word' id='word_1_205' title='bbox 1046 2156 1122 2215; x_wconf 85' lang='lat' dir='ltr'>Tito·</span> <span class='ocrx_word' id='word_1_206' title='bbox 1174 2159 1258 2215; x_wconf 89' lang='lat' dir='ltr'>bani:</span> <span class='ocrx_word' id='word_1_207' title='bbox 1279 2158 1320 2214; x_wconf 91' lang='lat' dir='ltr'>sic</span> <span class='ocrx_word' id='word_1_208' title='bbox 1333 2154 1580 2227; x_wconf 88' lang='lat' dir='ltr'>etparticulariutu</span> <span class='ocrx_word' id='word_1_209' title='bbox 1601 2157 1765 2223; x_wconf 76' lang='lat' dir='ltr'>quandoque</span> <span class='ocrx_word' id='word_1_210' title='bbox 1780 2156 1850 2211; x_wconf 92' lang='lat' dir='ltr'>ritus</span> <span class='ocrx_word' id='word_1_211' title='bbox 1872 2154 1968 2212; x_wconf 73' lang='lat' dir='ltr'>Eccle-</span> 
     </span>
     <span class='ocr_line' id='line_1_18' title="bbox 331 2224 1966 2299; baseline 0.001 -20"><span class='ocrx_word' id='word_1_212' title='bbox 331 2240 390 2285; x_wconf 79' lang='lat' dir='ltr'>ma.</span> <span class='ocrx_word' id='word_1_213' title='bbox 404 2226 483 2293; x_wconf 85' lang='lat' dir='ltr'>cttjus</span> <span class='ocrx_word' id='word_1_214' title='bbox 508 2226 636 2281; x_wconf 87' lang='lat' dir='ltr'>mitium:</span> <span class='ocrx_word' id='word_1_215' title='bbox 655 2224 677 2280; x_wconf 90' lang='lat'><em>0</em></span> <span class='ocrx_word' id='word_1_216' title='bbox 698 2225 798 2282; x_wconf 82' lang='lat' dir='ltr'>Tdomu</span> <span class='ocrx_word' id='word_1_217' title='bbox 814 2228 937 2299; x_wconf 74' lang='lat' dir='ltr'>Didyme,</span> <span class='ocrx_word' id='word_1_218' title='bbox 949 2242 1045 2283; x_wconf 82' lang='lat' dir='ltr'>norum</span> <span class='ocrx_word' id='word_1_219' title='bbox 1060 2229 1122 2287; x_wconf 87' lang='lat' dir='ltr'>istis</span> <span class='ocrx_word' id='word_1_220' title='bbox 1174 2229 1289 2295; x_wconf 80' lang='lat' dir='ltr'>siarum,</span> <span class='ocrx_word' id='word_1_221' title='bbox 1306 2227 1357 2283; x_wconf 87' lang='lat' dir='ltr'>etsi</span> <span class='ocrx_word' id='word_1_222' title='bbox 1373 2226 1452 2290; x_wconf 83' lang='lat' dir='ltr'>rarii,</span> <span class='ocrx_word' id='word_1_223' title='bbox 1464 2240 1560 2281; x_wconf 92' lang='lat' dir='ltr'>omnes</span> <span class='ocrx_word' id='word_1_224' title='bbox 1574 2235 1663 2279; x_wconf 85' lang='lat' dir='ltr'>tamen</span> <span class='ocrx_word' id='word_1_225' title='bbox 1685 2225 1836 2280; x_wconf 70' lang='lat' dir='ltr'>latislabiles</span> <span class='ocrx_word' id='word_1_226' title='bbox 1846 2234 1875 2281; x_wconf 92' lang='lat' dir='ltr'>et</span> <span class='ocrx_word' id='word_1_227' title='bbox 1888 2227 1966 2282; x_wconf 89' lang='lat' dir='ltr'>boni.</span> 
     </span>
     <span class='ocr_line' id='line_1_19' title="bbox 331 2294 1970 2370; baseline 0.001 -23"><span class='ocrx_word' id='word_1_228' title='bbox 331 2294 425 2363; x_wconf 79' lang='lat' dir='ltr'>adjicit</span> <span class='ocrx_word' id='word_1_229' title='bbox 435 2311 443 2363; x_wconf 85' lang='lat'><strong>;</strong></span> <span class='ocrx_word' id='word_1_230' title='bbox 455 2296 522 2363; x_wconf 81' lang='lat' dir='ltr'>quin</span> <span class='ocrx_word' id='word_1_231' title='bbox 537 2304 564 2349; x_wconf 88' lang='lat' dir='ltr'>et</span> <span class='ocrx_word' id='word_1_232' title='bbox 575 2311 635 2349; x_wconf 89' lang='lat' dir='ltr'>eam</span> <span class='ocrx_word' id='word_1_233' title='bbox 661 2296 702 2351; x_wconf 89' lang='lat' dir='ltr'>bls</span> <span class='ocrx_word' id='word_1_234' title='bbox 718 2298 815 2365; x_wconf 87' lang='lat' dir='ltr'>repetit</span> <span class='ocrx_word' id='word_1_235' title='bbox 838 2299 864 2353; x_wconf 91' lang='lat' dir='ltr'>in</span> <span class='ocrx_word' id='word_1_236' title='bbox 879 2299 1003 2370; x_wconf 81' lang='lat' dir='ltr'>utrisque</span> <span class='ocrx_word' id='word_1_237' title='bbox 1018 2298 1122 2356; x_wconf 89' lang='lat' dir='ltr'>scilicet</span> <span class='ocrx_word' id='word_1_238' title='bbox 1173 2298 1310 2354; x_wconf 70' lang='lat' dir='ltr'>Caeterum</span> <span class='ocrx_word' id='word_1_239' title='bbox 1324 2296 1459 2352; x_wconf 84' lang='lat' dir='ltr'>Reinerus</span> <span class='ocrx_word' id='word_1_240' title='bbox 1473 2305 1568 2350; x_wconf 86' lang='lat' dir='ltr'>noster</span> <span class='ocrx_word' id='word_1_241' title='bbox 1581 2310 1678 2355; x_wconf 81' lang='lat' dir='ltr'>norem</span> <span class='ocrx_word' id='word_1_242' title='bbox 1696 2311 1730 2350; x_wconf 81' lang='lat' dir='ltr'>ex</span> <span class='ocrx_word' id='word_1_243' title='bbox 1746 2294 1888 2363; x_wconf 79' lang='lat' dir='ltr'>professo,</span> <span class='ocrx_word' id='word_1_244' title='bbox 1899 2296 1970 2349; x_wconf 84' lang='lat' dir='ltr'>dua·</span> 
     </span>
     <span class='ocr_line' id='line_1_20' title="bbox 330 2361 1968 2437; baseline 0 -19"><span class='ocrx_word' id='word_1_245' title='bbox 330 2361 394 2419; x_wconf 81' lang='lat' dir='ltr'>lusti</span> <span class='ocrx_word' id='word_1_246' title='bbox 411 2365 471 2431; x_wconf 79' lang='lat' dir='ltr'>ejus</span> <span class='ocrx_word' id='word_1_247' title='bbox 484 2366 615 2434; x_wconf 85' lang='lat' dir='ltr'>vesperis.</span> <span class='ocrx_word' id='word_1_248' title='bbox 634 2364 700 2419; x_wconf 84' lang='lat' dir='ltr'>lllim</span> <span class='ocrx_word' id='word_1_249' title='bbox 714 2364 805 2424; x_wconf 88' lang='lat' dir='ltr'>lorsan</span> <span class='ocrx_word' id='word_1_250' title='bbox 821 2368 903 2424; x_wconf 87' lang='lat' dir='ltr'>aliam</span> <span class='ocrx_word' id='word_1_251' title='bbox 917 2383 965 2424; x_wconf 92' lang='lat' dir='ltr'>seu</span> <span class='ocrx_word' id='word_1_252' title='bbox 990 2367 1120 2435; x_wconf 81' lang='lat' dir='ltr'>majorem</span> <span class='ocrx_word' id='word_1_253' title='bbox 1172 2368 1235 2433; x_wconf 87' lang='lat' dir='ltr'>bus,</span> <span class='ocrx_word' id='word_1_254' title='bbox 1265 2375 1404 2437; x_wconf 90' lang='lat' dir='ltr'>septema</span> <span class='ocrx_word' id='word_1_255' title='bbox 1433 2367 1486 2420; x_wconf 89' lang='lat' dir='ltr'>ritu</span> <span class='ocrx_word' id='word_1_256' title='bbox 1512 2365 1637 2420; x_wconf 82' lang='lat' dir='ltr'>Rotnano</span> <span class='ocrx_word' id='word_1_257' title='bbox 1662 2365 1809 2429; x_wconf 84' lang='lat' dir='ltr'>institutis,</span> <span class='ocrx_word' id='word_1_258' title='bbox 1833 2365 1968 2435; x_wconf 72' lang='lat' dir='ltr'>laudisque</span> 
     </span>
     <span class='ocr_line' id='line_1_21' title="bbox 329 2431 1966 2510; baseline -0.001 -22"><span class='ocrx_word' id='word_1_259' title='bbox 329 2448 379 2489; x_wconf 89' lang='lat' dir='ltr'>seu</span> <span class='ocrx_word' id='word_1_260' title='bbox 409 2435 541 2489; x_wconf 81' lang='lat' dir='ltr'>minorem</span> <span class='ocrx_word' id='word_1_261' title='bbox 560 2436 719 2493; x_wconf 86' lang='lat' dir='ltr'>earttuttlem</span> <span class='ocrx_word' id='word_1_262' title='bbox 747 2440 956 2510; x_wconf 80' lang='lat' dir='ltr'>antiphonarum</span> <span class='ocrx_word' id='word_1_263' title='bbox 976 2453 1119 2495; x_wconf 91' lang='lat' dir='ltr'>numerum</span> <span class='ocrx_word' id='word_1_264' title='bbox 1173 2438 1339 2500; x_wconf 83' lang='lat' dir='ltr'>observatis.</span> <span class='ocrx_word' id='word_1_265' title='bbox 1352 2450 1403 2505; x_wconf 91' lang='lat' dir='ltr'>pro</span> <span class='ocrx_word' id='word_1_266' title='bbox 1419 2435 1526 2489; x_wconf 89' lang='lat' dir='ltr'>ratione</span> <span class='ocrx_word' id='word_1_267' title='bbox 1539 2434 1640 2505; x_wconf 87' lang='lat' dir='ltr'>proprii</span> <span class='ocrx_word' id='word_1_268' title='bbox 1658 2448 1706 2487; x_wconf 90' lang='lat' dir='ltr'>sua</span> <span class='ocrx_word' id='word_1_269' title='bbox 1721 2444 1802 2489; x_wconf 75' lang='lat' dir='ltr'>atate</span> <span class='ocrx_word' id='word_1_270' title='bbox 1820 2433 1901 2489; x_wconf 82' lang='lat' dir='ltr'>offleii</span> <span class='ocrx_word' id='word_1_271' title='bbox 1917 2431 1966 2488; x_wconf 84' lang='lat' dir='ltr'>ad·</span> 
     </span>
     <span class='ocr_line' id='line_1_22' title="bbox 329 2503 1967 2580; baseline 0.001 -24"><span class='ocrx_word' id='word_1_272' title='bbox 329 2503 477 2558; x_wconf 75' lang='lat' dir='ltr'>observant</span> <span class='ocrx_word' id='word_1_273' title='bbox 492 2504 619 2563; x_wconf 74' lang='lat' dir='ltr'>Ecclesia</span> <span class='ocrx_word' id='word_1_274' title='bbox 632 2508 782 2563; x_wconf 86' lang='lat' dir='ltr'>secuudum</span> <span class='ocrx_word' id='word_1_275' title='bbox 793 2510 911 2580; x_wconf 90' lang='lat' dir='ltr'>patrium</span> <span class='ocrx_word' id='word_1_276' title='bbox 924 2517 953 2564; x_wconf 84' lang='lat' dir='ltr'>et</span> <span class='ocrx_word' id='word_1_277' title='bbox 965 2508 1119 2578; x_wconf 85' lang='lat' dir='ltr'>religiosum</span> <span class='ocrx_word' id='word_1_278' title='bbox 1169 2506 1272 2576; x_wconf 84' lang='lat' dir='ltr'>junctis</span> <span class='ocrx_word' id='word_1_279' title='bbox 1294 2505 1545 2576; x_wconf 56' lang='lat' dir='ltr'>exploratricem,</span> <span class='ocrx_word' id='word_1_280' title='bbox 1571 2513 1600 2558; x_wconf 87' lang='grc' dir='ltr'>ιιι</span> <span class='ocrx_word' id='word_1_281' title='bbox 1619 2504 1646 2558; x_wconf 93' lang='lat' dir='ltr'>in</span> <span class='ocrx_word' id='word_1_282' title='bbox 1673 2518 1722 2557; x_wconf 92' lang='lat' dir='ltr'>suo</span> <span class='ocrx_word' id='word_1_283' title='bbox 1744 2503 1856 2574; x_wconf 87' lang='lat' dir='ltr'>prologo</span> <span class='ocrx_word' id='word_1_284' title='bbox 1872 2503 1920 2567; x_wconf 82' lang='lat' dir='ltr'>ait.</span> <span class='ocrx_word' id='word_1_285' title='bbox 1937 2505 1967 2558; x_wconf 77' lang='lat' dir='ltr'>in</span> 
     </span>
     <span class='ocr_line' id='line_1_23' title="bbox 332 2571 1968 2648; baseline -0.002 -18"><span class='ocrx_word' id='word_1_286' title='bbox 332 2573 464 2644; x_wconf 67' lang='lat' dir='ltr'>tutiusque</span> <span class='ocrx_word' id='word_1_287' title='bbox 475 2591 590 2633; x_wconf 89' lang='lat' dir='ltr'>morem.</span> <span class='ocrx_word' id='word_1_288' title='bbox 605 2576 698 2647; x_wconf 78' lang='lat' dir='ltr'>Neque</span> <span class='ocrx_word' id='word_1_289' title='bbox 710 2586 752 2630; x_wconf 87' lang='lat' dir='ltr'>est</span> <span class='ocrx_word' id='word_1_290' title='bbox 764 2584 917 2648; x_wconf 82' lang='lat' dir='ltr'>propterea,</span> <span class='ocrx_word' id='word_1_291' title='bbox 935 2577 1008 2648; x_wconf 87' lang='lat' dir='ltr'>quud</span> <span class='ocrx_word' id='word_1_292' title='bbox 1028 2577 1117 2633; x_wconf 82' lang='lat' dir='ltr'>diser·</span> <span class='ocrx_word' id='word_1_293' title='bbox 1172 2578 1255 2631; x_wconf 87' lang='lat' dir='ltr'>unrici</span> <span class='ocrx_word' id='word_1_294' title='bbox 1280 2577 1395 2647; x_wconf 78' lang='lat' dir='ltr'>gratiam</span> <span class='ocrx_word' id='word_1_295' title='bbox 1416 2574 1583 2643; x_wconf 72' lang='lat' dir='ltr'>fertilioris:</span> <span class='ocrx_word' id='word_1_296' title='bbox 1600 2581 1628 2628; x_wconf 85' lang='lat' dir='ltr'>et</span> <span class='ocrx_word' id='word_1_297' title='bbox 1654 2571 1782 2642; x_wconf 87' lang='lat' dir='ltr'>prolecto</span> <span class='ocrx_word' id='word_1_298' title='bbox 1795 2575 1869 2628; x_wconf 86' lang='lat' dir='ltr'>sicut</span> <span class='ocrx_word' id='word_1_299' title='bbox 1883 2572 1968 2627; x_wconf 83' lang='lat' dir='ltr'>lami-</span> 
     </span>
     <span class='ocr_line' id='line_1_24' title="bbox 330 2639 1965 2723; baseline -0.001 -25"><span class='ocrx_word' id='word_1_300' title='bbox 330 2640 440 2702; x_wconf 83' lang='lat' dir='ltr'>sitetetn</span> <span class='ocrx_word' id='word_1_301' title='bbox 451 2647 522 2701; x_wconf 87' lang='lat' dir='ltr'>barre</span> <span class='ocrx_word' id='word_1_302' title='bbox 539 2647 684 2715; x_wconf 77' lang='lat' dir='ltr'>qnisquam</span> <span class='ocrx_word' id='word_1_303' title='bbox 700 2648 827 2713; x_wconf 89' lang='lat' dir='ltr'>miretur,</span> <span class='ocrx_word' id='word_1_304' title='bbox 841 2649 939 2703; x_wconf 90' lang='lat' dir='ltr'>nedum</span> <span class='ocrx_word' id='word_1_305' title='bbox 959 2647 1056 2702; x_wconf 88' lang='lat' dir='ltr'>leviter</span> <span class='ocrx_word' id='word_1_306' title='bbox 1069 2648 1120 2700; x_wconf 90' lang='lat' dir='ltr'>int·</span> <span class='ocrx_word' id='word_1_307' title='bbox 1177 2646 1285 2702; x_wconf 88' lang='lat' dir='ltr'>liariter</span> <span class='ocrx_word' id='word_1_308' title='bbox 1307 2647 1344 2709; x_wconf 85' lang='lat' dir='ltr'>ita</span> <span class='ocrx_word' id='word_1_309' title='bbox 1363 2645 1408 2713; x_wconf 89' lang='lat' dir='ltr'>pie</span> <span class='ocrx_word' id='word_1_310' title='bbox 1421 2686 1429 2713; x_wconf 89' lang='lat'>‚</span> <span class='ocrx_word' id='word_1_311' title='bbox 1443 2645 1530 2699; x_wconf 90' lang='lat' dir='ltr'>solide</span> <span class='ocrx_word' id='word_1_312' title='bbox 1551 2644 1780 2713; x_wconf 74' lang='lat' dir='ltr'>meritaque·</span> <span class='ocrx_word' id='word_1_313' title='bbox 1790 2641 1863 2698; x_wconf 84' lang='lat' dir='ltr'>Nato</span> <span class='ocrx_word' id='word_1_314' title='bbox 1877 2640 1913 2723; x_wconf 75' lang='lat' dir='ltr'>cl.</span> <span class='ocrx_word' id='word_1_315' title='bbox 1929 2639 1965 2697; x_wconf 82' lang='grc' dir='ltr'>Ρ.</span> 
     </span>
     <span class='ocr_line' id='line_1_25' title="bbox 327 2713 1468 2785; baseline -0.003 -15"><span class='ocrx_word' id='word_1_316' title='bbox 327 2718 438 2783; x_wconf 86' lang='lat' dir='ltr'>probet,</span> <span class='ocrx_word' id='word_1_317' title='bbox 464 2724 512 2771; x_wconf 88' lang='lat' dir='ltr'>aut</span> <span class='ocrx_word' id='word_1_318' title='bbox 535 2716 652 2785; x_wconf 86' lang='lat' dir='ltr'>ntaligue</span> <span class='ocrx_word' id='word_1_319' title='bbox 670 2715 1117 2785; x_wconf 62' lang='lat' dir='ltr'>calumnietur.‚Quemadmodum</span> <span class='ocrx_word' id='word_1_320' title='bbox 1173 2714 1306 2771; x_wconf 74' lang='lat' dir='ltr'>celestini</span> <span class='ocrx_word' id='word_1_321' title='bbox 1315 2713 1468 2769; x_wconf 74' lang='lat' dir='ltr'>lombardi.</span> 
     </span>
    </p>
   </div>
   <div class='ocr_carea' id='block_1_5' title="bbox 378 2872 1922 2915">
    <p class='ocr_par' dir='ltr' id='par_1_5' title="bbox 378 2872 1922 2915">
     <span class='ocr_line' id='line_1_26' title="bbox 378 2872 1922 2915; baseline -0.003 -1"><span class='ocrx_word' id='word_1_322' title='bbox 378 2872 1922 2915; x_wconf 46' lang='grc' dir='ltr'>ΜΞΝ</span> 
     </span>
    </p>
   </div>
   <div class='ocr_carea' id='block_1_6' title="bbox 645 3049 1664 3208">
    <p class='ocr_par' dir='ltr' id='par_1_6' title="bbox 645 2979 1664 3254">
     <span class='ocr_line' id='line_1_27' title="bbox 645 3049 1664 3208; baseline -0.001 -27"><span class='ocrx_word' id='word_1_323' title='bbox 645 3049 1067 3183; x_wconf 75' lang='lat' dir='ltr'>sensatum</span> <span class='ocrx_word' id='word_1_324' title='bbox 1115 3055 1664 3208; x_wconf 79' lang='lat' dir='ltr'>umnttnnutm,</span> 
     </span>
    </p>
   </div>
   <div class='ocr_carea' id='block_1_7' title="bbox 1111 3309 1169 3353">
    <p class='ocr_par' dir='ltr' id='par_1_7' title="bbox 1111 3309 1169 3353">
     <span class='ocr_line' id='line_1_28' title="bbox 1111 3309 1169 3353; baseline 0 0"><span class='ocrx_word' id='word_1_325' title='bbox 1111 3309 1169 3353; x_wconf 75' lang='lat' dir='ltr'>SEU</span> 
     </span>
    </p>
   </div>
   <div class='ocr_carea' id='block_1_8' title="bbox 490 3467 1786 3883">
    <p class='ocr_par' dir='ltr' id='par_1_8' title="bbox 490 3467 1786 3883">
     <span class='ocr_line' id='line_1_29' title="bbox 490 3467 1786 3636; baseline -0.001 -48"><span class='ocrx_word' id='word_1_326' title='bbox 490 3470 690 3636; x_wconf 72' lang='lat' dir='ltr'>tilTAE</span> <span class='ocrx_word' id='word_1_327' title='bbox 721 3470 1023 3590; x_wconf 78' lang='lat' dir='ltr'><strong>SANCTAE</strong></span> <span class='ocrx_word' id='word_1_328' title='bbox 1065 3470 1391 3589; x_wconf 83' lang='lat' dir='ltr'><strong>PELAGIAE</strong></span> <span class='ocrx_word' id='word_1_329' title='bbox 1419 3470 1611 3587; x_wconf 83' lang='lat' dir='ltr'>LIBRI</span> <span class='ocrx_word' id='word_1_330' title='bbox 1641 3467 1786 3587; x_wconf 82' lang='lat' dir='ltr'>utto</span> 
     </span>
     <span class='ocr_line' id='line_1_30' title="bbox 861 3723 1665 3883; baseline 0.002 -62"><span class='ocrx_word' id='word_1_331' title='bbox 861 3727 1465 3883; x_wconf 65' lang='lat' dir='ltr'>torneamentum.</span> <span class='ocrx_word' id='word_1_332' title='bbox 1662 3723 1665 3728; x_wconf 81' lang='grc'><strong><em>·</em></strong></span> 
     </span>
    </p>
   </div>
   <div class='ocr_carea' id='block_1_9' title="bbox 328 3963 1951 4108">
    <p class='ocr_par' dir='ltr' id='par_1_9' title="bbox 328 3963 1951 4108">
     <span class='ocr_line' id='line_1_31' title="bbox 328 3963 1951 4045; baseline -0.004 -18"><span class='ocrx_word' id='word_1_333' title='bbox 328 3969 381 4045; x_wconf 71' lang='lat' dir='ltr'>llis</span> <span class='ocrx_word' id='word_1_334' title='bbox 393 3983 445 4026; x_wconf 87' lang='lat' dir='ltr'>ms.</span> <span class='ocrx_word' id='word_1_335' title='bbox 457 3967 520 4026; x_wconf 88' lang='lat' dir='ltr'>cod.</span> <span class='ocrx_word' id='word_1_336' title='bbox 535 3966 653 4025; x_wconf 77' lang='lat' dir='ltr'>cenobii</span> <span class='ocrx_word' id='word_1_337' title='bbox 675 3964 706 4025; x_wconf 86' lang='lat' dir='ltr'>S.</span> <span class='ocrx_word' id='word_1_338' title='bbox 723 3965 862 4023; x_wconf 81' lang='lat' dir='ltr'>Laurentii</span> <span class='ocrx_word' id='word_1_339' title='bbox 877 3963 961 4021; x_wconf 83' lang='lat' dir='ltr'>Leod.</span> <span class='ocrx_word' id='word_1_340' title='bbox 979 3975 1052 4020; x_wconf 87' lang='lat' dir='ltr'>erutt</span> <span class='ocrx_word' id='word_1_341' title='bbox 1064 3964 1100 4021; x_wconf 95' lang='lat' dir='ltr'>cl.</span> <span class='ocrx_word' id='word_1_342' title='bbox 1119 3967 1153 4021; x_wconf 86' lang='lat' dir='ltr'>b.</span> <span class='ocrx_word' id='word_1_343' title='bbox 1171 3964 1202 4022; x_wconf 79' lang='grc' dir='ltr'>Ρ.</span> <span class='ocrx_word' id='word_1_344' title='bbox 1221 3965 1386 4023; x_wconf 79' lang='lat' dir='ltr'>Coelcstinus</span> <span class='ocrx_word' id='word_1_345' title='bbox 1403 3965 1587 4034; x_wconf 67' lang='lat' dir='ltr'>lombardum</span> <span class='ocrx_word' id='word_1_346' title='bbox 1599 3966 1685 4024; x_wconf 89' lang='lat' dir='ltr'>edidit</span> <span class='ocrx_word' id='word_1_347' title='bbox 1698 3964 1731 4022; x_wconf 83' lang='lat' dir='ltr'>l).</span> <span class='ocrx_word' id='word_1_348' title='bbox 1744 3965 1826 4023; x_wconf 78' lang='lat' dir='ltr'>Rern.</span> <span class='ocrx_word' id='word_1_349' title='bbox 1841 3965 1951 4034; x_wconf 81' lang='grc' dir='ltr'>Ριιιιιι,</span> 
     </span>
     <span class='ocr_line' id='line_1_32' title="bbox 915 4035 1380 4108; baseline 0.011 -20"><span class='ocrx_word' id='word_1_350' title='bbox 915 4036 1043 4091; x_wconf 77' lang='lat' dir='ltr'>Auecdot.</span> <span class='ocrx_word' id='word_1_351' title='bbox 1059 4046 1081 4093; x_wconf 88' lang='lat' dir='ltr'>t.</span> <span class='ocrx_word' id='word_1_352' title='bbox 1094 4035 1138 4101; x_wconf 84' lang='lat' dir='ltr'>tt.</span> <span class='ocrx_word' id='word_1_353' title='bbox 1152 4051 1180 4107; x_wconf 93' lang='lat' dir='ltr'>p.</span> <span class='ocrx_word' id='word_1_354' title='bbox 1195 4052 1236 4104; x_wconf 91' lang='lat' dir='ltr'>m,</span> <span class='ocrx_word' id='word_1_355' title='bbox 1250 4037 1305 4093; x_wconf 90' lang='lat' dir='ltr'>col.</span> <span class='ocrx_word' id='word_1_356' title='bbox 1320 4036 1380 4108; x_wconf 71' lang='lat' dir='ltr'>(ib.)</span> 
     </span>
    </p>
   </div>
   <div class='ocr_carea' id='block_1_10' title="bbox 1127 4199 1166 4228">
    <p class='ocr_par' dir='ltr' id='par_1_10' title="bbox 1127 4199 1166 4228">
     <span class='ocr_line' id='line_1_33' title="bbox 1127 4199 1166 4228; baseline 0 -13"><span class='ocrx_word' id='word_1_357' title='bbox 1127 4199 1166 4228; x_wconf 52' lang='lat' dir='ltr'>q</span> 
     </span>
    </p>
   </div>
   <div class='ocr_carea' id='block_1_11' title="bbox 891 4340 1488 4489">
    <p class='ocr_par' dir='ltr' id='par_1_11' title="bbox 891 4340 1488 4489">
     <span class='ocr_line' id='line_1_34' title="bbox 891 4340 1488 4489; baseline -0.002 -4"><span class='ocrx_word' id='word_1_358' title='bbox 891 4340 1488 4489; x_wconf 75' lang='lat' dir='ltr'>tnctrtruuotuuus.</span> 
     </span>
    </p>
   </div>
   <div class='ocr_carea' id='block_1_12' title="bbox 324 4690 1980 4861">
    <p class='ocr_par' dir='ltr' id='par_1_12' title="bbox 324 4690 1980 4861">
     <span class='ocr_line' id='line_1_35' title="bbox 361 4690 1980 4776; baseline 0.001 -24"><span class='ocrx_word' id='word_1_359' title='bbox 361 4694 509 4767; x_wconf 80' lang='lat' dir='ltr'>Exemplar</span> <span class='ocrx_word' id='word_1_360' title='bbox 527 4692 714 4750; x_wconf 81' lang='lat' dir='ltr'>conversionis</span> <span class='ocrx_word' id='word_1_361' title='bbox 730 4706 764 4747; x_wconf 91' lang='lat' dir='ltr'>ac</span> <span class='ocrx_word' id='word_1_362' title='bbox 778 4690 947 4763; x_wconf 77' lang='lat' dir='ltr'>penitentiae</span> <span class='ocrx_word' id='word_1_363' title='bbox 972 4692 1113 4776; x_wconf 82' lang='lat' dir='ltr'>Pelagiam</span> <span class='ocrx_word' id='word_1_364' title='bbox 1131 4702 1154 4757; x_wconf 85' lang='grc' dir='ltr'>Β</span> <span class='ocrx_word' id='word_1_365' title='bbox 1171 4702 1246 4750; x_wconf 89' lang='lat' dir='ltr'>tanta</span> <span class='ocrx_word' id='word_1_366' title='bbox 1263 4695 1400 4763; x_wconf 86' lang='lat' dir='ltr'>conlusio,</span> <span class='ocrx_word' id='word_1_367' title='bbox 1417 4703 1447 4750; x_wconf 92' lang='lat' dir='ltr'>ut</span> <span class='ocrx_word' id='word_1_368' title='bbox 1475 4696 1609 4752; x_wconf 87' lang='lat' dir='ltr'>illustrem</span> <span class='ocrx_word' id='word_1_369' title='bbox 1626 4695 1770 4751; x_wconf 83' lang='lat' dir='ltr'>materiam</span> <span class='ocrx_word' id='word_1_370' title='bbox 1794 4695 1881 4768; x_wconf 77' lang='lat' dir='ltr'>stylus</span> <span class='ocrx_word' id='word_1_371' title='bbox 1909 4697 1960 4754; x_wconf 82' lang='lat' dir='ltr'>ob-</span> <span class='ocrx_word' id='word_1_372' title='bbox 1978 4713 1980 4716; x_wconf 82' lang='lat'>·</span> 
     </span>
     <span class='ocr_line' id='line_1_36' title="bbox 324 4781 1960 4861; baseline -0.002 -15"><span class='ocrx_word' id='word_1_373' title='bbox 324 4789 467 4861; x_wconf 84' lang='lat' dir='ltr'>proposui,</span> <span class='ocrx_word' id='word_1_374' title='bbox 482 4801 543 4857; x_wconf 81' lang='lat' dir='ltr'>qttae</span> <span class='ocrx_word' id='word_1_375' title='bbox 562 4784 596 4842; x_wconf 88' lang='lat' dir='ltr'>tle</span> <span class='ocrx_word' id='word_1_376' title='bbox 612 4782 734 4840; x_wconf 88' lang='lat' dir='ltr'>tenebris</span> <span class='ocrx_word' id='word_1_377' title='bbox 749 4781 782 4838; x_wconf 92' lang='lat' dir='ltr'>ad</span> <span class='ocrx_word' id='word_1_378' title='bbox 797 4784 897 4851; x_wconf 83' lang='lat' dir='ltr'>lucem,</span> <span class='ocrx_word' id='word_1_379' title='bbox 915 4782 949 4838; x_wconf 89' lang='lat' dir='ltr'>de</span> <span class='ocrx_word' id='word_1_380' title='bbox 963 4785 1116 4855; x_wconf 88' lang='lat' dir='ltr'>prostibulo</span> <span class='ocrx_word' id='word_1_381' title='bbox 1171 4785 1279 4840; x_wconf 89' lang='lat' dir='ltr'>scurior</span> <span class='ocrx_word' id='word_1_382' title='bbox 1299 4784 1419 4840; x_wconf 90' lang='lat' dir='ltr'>laceram</span> <span class='ocrx_word' id='word_1_383' title='bbox 1444 4785 1594 4841; x_wconf 85' lang='lat' dir='ltr'>reddidisse</span> <span class='ocrx_word' id='word_1_384' title='bbox 1619 4800 1652 4839; x_wconf 89' lang='lat' dir='ltr'>uc</span> <span class='ocrx_word' id='word_1_385' title='bbox 1668 4784 1864 4855; x_wconf 87' lang='lat' dir='ltr'>despicabilem</span> <span class='ocrx_word' id='word_1_386' title='bbox 1881 4787 1960 4843; x_wconf 85' lang='lat' dir='ltr'>ride·</span> 
     </span>
    </p>
   </div>
   <div class='ocr_carea' id='block_1_13' title="bbox 218 4871 1960 4949">
    <p class='ocr_par' dir='ltr' id='par_1_13' title="bbox 218 4871 1960 4949">
     <span class='ocr_line' id='line_1_37' title="bbox 218 4871 1960 4949; baseline -0.005 -8"><span class='ocrx_word' id='word_1_387' title='bbox 218 4890 219 4893; x_wconf 76' lang='grc'>’</span> <span class='ocrx_word' id='word_1_388' title='bbox 300 4918 304 4928; x_wconf 69' lang='grc'><strong>«</strong></span> <span class='ocrx_word' id='word_1_389' title='bbox 325 4871 361 4941; x_wconf 72' lang='lat' dir='ltr'>a&#39;d</span> <span class='ocrx_word' id='word_1_390' title='bbox 383 4881 553 4938; x_wconf 79' lang='lat' dir='ltr'>castimonie</span> <span class='ocrx_word' id='word_1_391' title='bbox 573 4877 689 4936; x_wconf 86' lang='lat' dir='ltr'>entersit</span> <span class='ocrx_word' id='word_1_392' title='bbox 703 4876 877 4932; x_wconf 88' lang='lat' dir='ltr'>sanctitatem</span> <span class='ocrx_word' id='word_1_393' title='bbox 894 4894 901 4931; x_wconf 74' lang='grc' dir='ltr'>ι</span> <span class='ocrx_word' id='word_1_394' title='bbox 920 4877 947 4933; x_wconf 92' lang='lat' dir='ltr'>in</span> <span class='ocrx_word' id='word_1_395' title='bbox 963 4893 1015 4947; x_wconf 84' lang='lat' dir='ltr'>qua</span> <span class='ocrx_word' id='word_1_396' title='bbox 1031 4878 1113 4933; x_wconf 89' lang='lat' dir='ltr'>bene·</span> <span class='ocrx_word' id='word_1_397' title='bbox 1169 4888 1257 4935; x_wconf 90' lang='lat' dir='ltr'>retur.</span> <span class='ocrx_word' id='word_1_398' title='bbox 1275 4877 1375 4937; x_wconf 81' lang='lat' dir='ltr'>ilerum</span> <span class='ocrx_word' id='word_1_399' title='bbox 1400 4878 1596 4947; x_wconf 87' lang='lat' dir='ltr'>descriptoris</span> <span class='ocrx_word' id='word_1_400' title='bbox 1614 4878 1683 4934; x_wconf 84' lang='lat' dir='ltr'>vitio</span> <span class='ocrx_word' id='word_1_401' title='bbox 1711 4878 1798 4949; x_wconf 87' lang='lat' dir='ltr'>magis</span> <span class='ocrx_word' id='word_1_402' title='bbox 1820 4894 1902 4949; x_wconf 85' lang='lat' dir='ltr'>quam</span> <span class='ocrx_word' id='word_1_403' title='bbox 1925 4880 1960 4934; x_wconf 87' lang='lat' dir='ltr'>do</span> 
     </span>
    </p>
   </div>
   <div class='ocr_carea' id='block_1_14' title="bbox 324 4968 1961 5231">
    <p class='ocr_par' dir='ltr' id='par_1_14' title="bbox 324 4968 1961 5231">
     <span class='ocr_line' id='line_1_38' title="bbox 325 4968 1961 5049; baseline -0.006 -17"><span class='ocrx_word' id='word_1_404' title='bbox 325 4973 429 5049; x_wconf 83' lang='lat' dir='ltr'>dicitur</span> <span class='ocrx_word' id='word_1_405' title='bbox 444 4972 525 5029; x_wconf 86' lang='lat' dir='ltr'>Pater</span> <span class='ocrx_word' id='word_1_406' title='bbox 536 4969 786 5027; x_wconf 87' lang='lat' dir='ltr'>misericordiarum</span> <span class='ocrx_word' id='word_1_407' title='bbox 805 4968 886 5033; x_wconf 84' lang='lat' dir='ltr'>beas,</span> <span class='ocrx_word' id='word_1_408' title='bbox 902 4970 948 5040; x_wconf 69' lang='grc' dir='ltr'>(ιιι</span> <span class='ocrx_word' id='word_1_409' title='bbox 964 4984 1013 5024; x_wconf 86' lang='lat' dir='ltr'>ras</span> <span class='ocrx_word' id='word_1_410' title='bbox 1025 4970 1117 5041; x_wconf 91' lang='lat' dir='ltr'>perdi·</span> <span class='ocrx_word' id='word_1_411' title='bbox 1169 4972 1290 5027; x_wconf 87' lang='lat' dir='ltr'>auctoris</span> <span class='ocrx_word' id='word_1_412' title='bbox 1305 4971 1440 5041; x_wconf 88' lang='lat' dir='ltr'>imperitia</span> <span class='ocrx_word' id='word_1_413' title='bbox 1464 4969 1491 5025; x_wconf 89' lang='lat' dir='ltr'>id</span> <span class='ocrx_word' id='word_1_414' title='bbox 1510 4968 1644 5025; x_wconf 88' lang='lat' dir='ltr'>accidisse</span> <span class='ocrx_word' id='word_1_415' title='bbox 1657 4969 1792 5039; x_wconf 85' lang='lat' dir='ltr'>suspicor,</span> <span class='ocrx_word' id='word_1_416' title='bbox 1813 4970 1876 5023; x_wconf 90' lang='lat' dir='ltr'>dum</span> <span class='ocrx_word' id='word_1_417' title='bbox 1891 4984 1961 5038; x_wconf 79' lang='lat' dir='ltr'>qoa-</span> 
     </span>
     <span class='ocr_line' id='line_1_39' title="bbox 324 5056 1960 5128; baseline -0.006 -8"><span class='ocrx_word' id='word_1_418' title='bbox 324 5066 410 5122; x_wconf 86' lang='lat' dir='ltr'>tionis</span> <span class='ocrx_word' id='word_1_419' title='bbox 431 5076 459 5121; x_wconf 89' lang='lat' dir='ltr'>et</span> <span class='ocrx_word' id='word_1_420' title='bbox 484 5065 533 5120; x_wconf 79' lang='lat' dir='ltr'>ira</span> <span class='ocrx_word' id='word_1_421' title='bbox 548 5064 574 5118; x_wconf 91' lang='lat' dir='ltr'>in</span> <span class='ocrx_word' id='word_1_422' title='bbox 594 5078 643 5119; x_wconf 82' lang='lat' dir='ltr'>ras</span> <span class='ocrx_word' id='word_1_423' title='bbox 667 5062 874 5120; x_wconf 85' lang='lat' dir='ltr'>trattslormavit</span> <span class='ocrx_word' id='word_1_424' title='bbox 901 5061 1059 5117; x_wconf 86' lang='lat' dir='ltr'>saltationis</span> <span class='ocrx_word' id='word_1_425' title='bbox 1089 5071 1116 5118; x_wconf 90' lang='lat' dir='ltr'>ct</span> <span class='ocrx_word' id='word_1_426' title='bbox 1171 5058 1419 5128; x_wconf 88' lang='lat' dir='ltr'>tuorautamplius</span> <span class='ocrx_word' id='word_1_427' title='bbox 1442 5057 1582 5122; x_wconf 88' lang='lat' dir='ltr'>clausulis,</span> <span class='ocrx_word' id='word_1_428' title='bbox 1600 5067 1656 5113; x_wconf 94' lang='lat' dir='ltr'>tum</span> <span class='ocrx_word' id='word_1_429' title='bbox 1672 5066 1699 5112; x_wconf 90' lang='lat' dir='ltr'>ct</span> <span class='ocrx_word' id='word_1_430' title='bbox 1714 5056 1833 5112; x_wconf 86' lang='lat' dir='ltr'>dimidiis</span> <span class='ocrx_word' id='word_1_431' title='bbox 1850 5072 1881 5112; x_wconf 92' lang='lat' dir='ltr'>se</span> <span class='ocrx_word' id='word_1_432' title='bbox 1895 5073 1960 5113; x_wconf 83' lang='lat' dir='ltr'>rer-</span> 
     </span>
     <span class='ocr_line' id='line_1_40' title="bbox 325 5147 1961 5231; baseline -0.008 -18"><span class='ocrx_word' id='word_1_433' title='bbox 325 5159 438 5231; x_wconf 81' lang='lat' dir='ltr'>gmtiae;</span> <span class='ocrx_word' id='word_1_434' title='bbox 462 5156 539 5226; x_wconf 83' lang='lat' dir='ltr'>cttjus</span> <span class='ocrx_word' id='word_1_435' title='bbox 554 5155 711 5227; x_wconf 79' lang='lat' dir='ltr'>dignatione</span> <span class='ocrx_word' id='word_1_436' title='bbox 726 5154 764 5210; x_wconf 90' lang='lat' dir='ltr'>nil</span> <span class='ocrx_word' id='word_1_437' title='bbox 789 5152 911 5225; x_wconf 83' lang='lat' dir='ltr'>prolecto</span> <span class='ocrx_word' id='word_1_438' title='bbox 936 5154 1058 5223; x_wconf 86' lang='lat' dir='ltr'>dignius,</span> <span class='ocrx_word' id='word_1_439' title='bbox 1075 5153 1116 5210; x_wconf 90' lang='lat' dir='ltr'>in·</span> <span class='ocrx_word' id='word_1_440' title='bbox 1166 5149 1262 5205; x_wconf 85' lang='lat' dir='ltr'>siculis</span> <span class='ocrx_word' id='word_1_441' title='bbox 1281 5148 1383 5225; x_wconf 87' lang='lat' dir='ltr'>passim</span> <span class='ocrx_word' id='word_1_442' title='bbox 1399 5148 1552 5203; x_wconf 88' lang='lat' dir='ltr'>mutilatum</span> <span class='ocrx_word' id='word_1_443' title='bbox 1573 5156 1665 5204; x_wconf 83' lang='lat' dir='ltr'>textus</span> <span class='ocrx_word' id='word_1_444' title='bbox 1678 5147 1882 5216; x_wconf 84' lang='lat' dir='ltr'>pronuntiaret.</span> <span class='ocrx_word' id='word_1_445' title='bbox 1895 5148 1961 5201; x_wconf 82' lang='lat' dir='ltr'>Glo-</span> 
     </span>
    </p>
   </div>
   <div class='ocr_carea' id='block_1_15' title="bbox 214 5238 1959 5320">
    <p class='ocr_par' dir='ltr' id='par_1_15' title="bbox 214 5238 1959 5320">
     <span class='ocr_line' id='line_1_41' title="bbox 214 5238 1959 5320; baseline -0.007 -15"><span class='ocrx_word' id='word_1_446' title='bbox 214 5260 218 5268; x_wconf 81' lang='lat'><strong>·</strong></span> <span class='ocrx_word' id='word_1_447' title='bbox 324 5247 464 5320; x_wconf 73' lang='lat' dir='ltr'>dulgentia</span> <span class='ocrx_word' id='word_1_448' title='bbox 478 5246 516 5304; x_wconf 93' lang='lat' dir='ltr'>nil</span> <span class='ocrx_word' id='word_1_449' title='bbox 535 5245 720 5319; x_wconf 73' lang='lat' dir='ltr'>praestabilius</span> <span class='ocrx_word' id='word_1_450' title='bbox 729 5254 791 5311; x_wconf 86' lang='lat' dir='ltr'>est;</span> <span class='ocrx_word' id='word_1_451' title='bbox 811 5257 893 5315; x_wconf 79' lang='lat' dir='ltr'>quem</span> <span class='ocrx_word' id='word_1_452' title='bbox 911 5243 972 5314; x_wconf 88' lang='lat' dir='ltr'>plus</span> <span class='ocrx_word' id='word_1_453' title='bbox 990 5244 1117 5314; x_wconf 87' lang='lat' dir='ltr'>impoeni·</span> <span class='ocrx_word' id='word_1_454' title='bbox 1169 5240 1251 5297; x_wconf 86' lang='lat' dir='ltr'>riosis</span> <span class='ocrx_word' id='word_1_455' title='bbox 1274 5249 1367 5294; x_wconf 90' lang='lat' dir='ltr'>autem</span> <span class='ocrx_word' id='word_1_456' title='bbox 1393 5239 1475 5295; x_wconf 87' lang='lat' dir='ltr'>rebus</span> <span class='ocrx_word' id='word_1_457' title='bbox 1496 5238 1644 5308; x_wconf 89' lang='lat' dir='ltr'>plurimum</span> <span class='ocrx_word' id='word_1_458' title='bbox 1660 5238 1728 5294; x_wconf 90' lang='lat' dir='ltr'>tollit</span> <span class='ocrx_word' id='word_1_459' title='bbox 1746 5239 1842 5306; x_wconf 77' lang='lat' dir='ltr'>gratiae</span> <span class='ocrx_word' id='word_1_460' title='bbox 1866 5252 1959 5293; x_wconf 87' lang='lat' dir='ltr'>sermo</span> 
     </span>
    </p>
   </div>
   <div class='ocr_carea' id='block_1_16' title="bbox 319 5328 1969 6061">
    <p class='ocr_par' dir='ltr' id='par_1_16' title="bbox 319 5328 1969 6061">
     <span class='ocr_line' id='line_1_42' title="bbox 324 5328 1969 5413; baseline -0.005 -20"><span class='ocrx_word' id='word_1_461' title='bbox 324 5344 478 5408; x_wconf 77' lang='lat' dir='ltr'>tuosquam</span> <span class='ocrx_word' id='word_1_462' title='bbox 489 5337 662 5410; x_wconf 83' lang='lat' dir='ltr'>delinquens,</span> <span class='ocrx_word' id='word_1_463' title='bbox 673 5338 719 5409; x_wconf 85' lang='lat' dir='ltr'>qui</span> <span class='ocrx_word' id='word_1_464' title='bbox 730 5337 868 5413; x_wconf 80' lang='lat' dir='ltr'>desperat,</span> <span class='ocrx_word' id='word_1_465' title='bbox 880 5335 954 5391; x_wconf 80' lang='lat' dir='ltr'>uelut</span> <span class='ocrx_word' id='word_1_466' title='bbox 964 5336 1010 5406; x_wconf 89' lang='lat' dir='ltr'>qui</span> <span class='ocrx_word' id='word_1_467' title='bbox 1025 5346 1114 5408; x_wconf 86' lang='lat' dir='ltr'>negat,</span> <span class='ocrx_word' id='word_1_468' title='bbox 1169 5332 1392 5404; x_wconf 88' lang='lat' dir='ltr'>contemptibilis.</span> <span class='ocrx_word' id='word_1_469' title='bbox 1408 5331 1513 5387; x_wconf 89' lang='lat' dir='ltr'>llcliori</span> <span class='ocrx_word' id='word_1_470' title='bbox 1540 5346 1606 5402; x_wconf 89' lang='lat' dir='ltr'>ergo</span> <span class='ocrx_word' id='word_1_471' title='bbox 1620 5331 1789 5401; x_wconf 85' lang='lat' dir='ltr'>aliquantum</span> <span class='ocrx_word' id='word_1_472' title='bbox 1804 5328 1875 5385; x_wconf 88' lang='lat' dir='ltr'>lacic</span> <span class='ocrx_word' id='word_1_473' title='bbox 1886 5343 1969 5412; x_wconf 19' lang='lat' dir='ltr'>pra·-</span> 
     </span>
     <span class='ocr_line' id='line_1_43' title="bbox 324 5421 1957 5500; baseline -0.002 -20"><span class='ocrx_word' id='word_1_474' title='bbox 324 5424 448 5481; x_wconf 90' lang='lat' dir='ltr'>ollendit.</span> <span class='ocrx_word' id='word_1_475' title='bbox 465 5427 550 5484; x_wconf 84' lang='lat' dir='ltr'>Nemo</span> <span class='ocrx_word' id='word_1_476' title='bbox 566 5430 657 5500; x_wconf 87' lang='lat' dir='ltr'>itaque</span> <span class='ocrx_word' id='word_1_477' title='bbox 676 5438 730 5485; x_wconf 86' lang='lat' dir='ltr'>lam</span> <span class='ocrx_word' id='word_1_478' title='bbox 757 5442 864 5483; x_wconf 89' lang='lat' dir='ltr'>summe</span> <span class='ocrx_word' id='word_1_479' title='bbox 889 5427 977 5484; x_wconf 88' lang='lat' dir='ltr'>malus</span> <span class='ocrx_word' id='word_1_480' title='bbox 990 5438 1044 5494; x_wconf 83' lang='lat' dir='ltr'>est,</span> <span class='ocrx_word' id='word_1_481' title='bbox 1070 5428 1115 5484; x_wconf 92' lang='lat' dir='ltr'>cui</span> <span class='ocrx_word' id='word_1_482' title='bbox 1169 5426 1269 5482; x_wconf 88' lang='lat' dir='ltr'>dictam</span> <span class='ocrx_word' id='word_1_483' title='bbox 1289 5423 1382 5481; x_wconf 82' lang='lat' dir='ltr'>curavi</span> <span class='ocrx_word' id='word_1_484' title='bbox 1395 5425 1537 5478; x_wconf 88' lang='lat' dir='ltr'>materiam</span> <span class='ocrx_word' id='word_1_485' title='bbox 1554 5425 1724 5488; x_wconf 74' lang='lat' dir='ltr'>reformare,</span> <span class='ocrx_word' id='word_1_486' title='bbox 1741 5421 1894 5491; x_wconf 80' lang='lat' dir='ltr'>rudemque</span> <span class='ocrx_word' id='word_1_487' title='bbox 1909 5436 1957 5477; x_wconf 79' lang='lat' dir='ltr'>er·</span> 
     </span>
     <span class='ocr_line' id='line_1_44' title="bbox 324 5513 1958 5591; baseline -0.006 -15"><span class='ocrx_word' id='word_1_488' title='bbox 324 5531 431 5576; x_wconf 79' lang='lat' dir='ltr'>summe</span> <span class='ocrx_word' id='word_1_489' title='bbox 454 5517 541 5572; x_wconf 84' lang='lat' dir='ltr'>boam</span> <span class='ocrx_word' id='word_1_490' title='bbox 562 5535 614 5575; x_wconf 88' lang='lat' dir='ltr'>non</span> <span class='ocrx_word' id='word_1_491' title='bbox 629 5521 803 5591; x_wconf 84' lang='lat' dir='ltr'>ignoscat.si</span> <span class='ocrx_word' id='word_1_492' title='bbox 823 5520 876 5578; x_wconf 86' lang='lat' dir='ltr'>rite</span> <span class='ocrx_word' id='word_1_493' title='bbox 894 5520 1042 5590; x_wconf 85' lang='lat' dir='ltr'>poeniteat.</span> <span class='ocrx_word' id='word_1_494' title='bbox 1056 5519 1114 5591; x_wconf 83' lang='lat' dir='ltr'>igi·</span> <span class='ocrx_word' id='word_1_495' title='bbox 1168 5517 1252 5587; x_wconf 88' lang='lat' dir='ltr'>periri</span> <span class='ocrx_word' id='word_1_496' title='bbox 1277 5515 1470 5571; x_wconf 79' lang='lat' dir='ltr'>adolescentia</span> <span class='ocrx_word' id='word_1_497' title='bbox 1496 5515 1625 5571; x_wconf 87' lang='lat' dir='ltr'>indolem.</span> <span class='ocrx_word' id='word_1_498' title='bbox 1656 5513 1819 5585; x_wconf 73' lang='lat' dir='ltr'>Opiternium</span> <span class='ocrx_word' id='word_1_499' title='bbox 1841 5514 1870 5568; x_wconf 82' lang='lat' dir='ltr'>ia</span> <span class='ocrx_word' id='word_1_500' title='bbox 1890 5515 1958 5568; x_wconf 83' lang='lat' dir='ltr'>duos</span> 
     </span>
     <span class='ocr_line' id='line_1_45' title="bbox 323 5599 1958 5682; baseline -0.002 -18"><span class='ocrx_word' id='word_1_501' title='bbox 323 5617 372 5665; x_wconf 87' lang='lat' dir='ltr'>tur</span> <span class='ocrx_word' id='word_1_502' title='bbox 403 5606 513 5680; x_wconf 75' lang='lat' dir='ltr'>Pelagio</span> <span class='ocrx_word' id='word_1_503' title='bbox 542 5622 619 5677; x_wconf 89' lang='lat' dir='ltr'>spem</span> <span class='ocrx_word' id='word_1_504' title='bbox 645 5612 730 5667; x_wconf 80' lang='lat' dir='ltr'>reaia</span> <span class='ocrx_word' id='word_1_505' title='bbox 759 5614 951 5682; x_wconf 87' lang='lat' dir='ltr'>peecatoribus</span> <span class='ocrx_word' id='word_1_506' title='bbox 978 5612 1114 5678; x_wconf 88' lang='lat' dir='ltr'>suscitat,</span> <span class='ocrx_word' id='word_1_507' title='bbox 1168 5599 1264 5679; x_wconf 80' lang='lat' dir='ltr'>digessi</span> <span class='ocrx_word' id='word_1_508' title='bbox 1277 5609 1357 5665; x_wconf 85' lang='lat' dir='ltr'>libro&#39;s</span> <span class='ocrx_word' id='word_1_509' title='bbox 1368 5617 1449 5680; x_wconf 86' lang='lat' dir='ltr'>atquc</span> <span class='ocrx_word' id='word_1_510' title='bbox 1462 5608 1542 5664; x_wconf 89' lang='lat' dir='ltr'>titulo</span> <span class='ocrx_word' id='word_1_511' title='bbox 1556 5608 1706 5679; x_wconf 76' lang='lat' dir='ltr'>prenotari</span> <span class='ocrx_word' id='word_1_512' title='bbox 1721 5599 1861 5675; x_wconf 79' lang='lat' dir='ltr'>Specs&#39;lsm</span> <span class='ocrx_word' id='word_1_513' title='bbox 1874 5607 1958 5674; x_wconf 79' lang='lat' dir='ltr'>poni·</span> 
     </span>
     <span class='ocr_line' id='line_1_46' title="bbox 323 5699 1957 5775; baseline -0.003 -15"><span class='ocrx_word' id='word_1_514' title='bbox 323 5702 528 5760; x_wconf 88' lang='lat' dir='ltr'>multitudinem</span> <span class='ocrx_word' id='word_1_515' title='bbox 547 5700 798 5759; x_wconf 82' lang='lat' dir='ltr'>viscerumcoristt</span> <span class='ocrx_word' id='word_1_516' title='bbox 818 5706 960 5775; x_wconf 84' lang='lat' dir='ltr'>praedicat.</span> <span class='ocrx_word' id='word_1_517' title='bbox 992 5745 1015 5760; x_wconf 86' lang='grc'>.,</span> <span class='ocrx_word' id='word_1_518' title='bbox 1167 5700 1509 5771; x_wconf 79' lang='lat' dir='ltr'>remtoe.1tamquantum</span> <span class='ocrx_word' id='word_1_519' title='bbox 1531 5701 1643 5757; x_wconf 88' lang='lat' dir='ltr'>remedii</span> <span class='ocrx_word' id='word_1_520' title='bbox 1674 5699 1814 5771; x_wconf 81' lang='lat' dir='ltr'>hujussit</span> <span class='ocrx_word' id='word_1_521' title='bbox 1836 5700 1957 5767; x_wconf 78' lang='lat' dir='ltr'>bonum,</span> 
     </span>
     <span class='ocr_line' id='line_1_47' title="bbox 319 5791 1959 5877; baseline 0.007 -28"><span class='ocrx_word' id='word_1_522' title='bbox 319 5862 323 5877; x_wconf 35' lang='grc' dir='ltr'>ι</span> <span class='ocrx_word' id='word_1_523' title='bbox 362 5792 447 5863; x_wconf 76' lang='lat' dir='ltr'>Cujus</span> <span class='ocrx_word' id='word_1_524' title='bbox 463 5793 639 5863; x_wconf 85' lang='lat' dir='ltr'>¹monimenta</span> <span class='ocrx_word' id='word_1_525' title='bbox 663 5795 851 5853; x_wconf 74' lang='lat' dir='ltr'>conversionis</span> <span class='ocrx_word' id='word_1_526' title='bbox 870 5797 905 5852; x_wconf 89' lang='lat' dir='ltr'>ab</span> <span class='ocrx_word' id='word_1_527' title='bbox 929 5799 983 5854; x_wconf 91' lang='lat' dir='ltr'>alio</span> <span class='ocrx_word' id='word_1_528' title='bbox 1003 5798 1114 5869; x_wconf 80' lang='lat' dir='ltr'>quidem</span> <span class='ocrx_word' id='word_1_529' title='bbox 1167 5808 1251 5872; x_wconf 67' lang='lat' dir='ltr'>(illim</span> <span class='ocrx_word' id='word_1_530' title='bbox 1267 5793 1332 5849; x_wconf 68' lang='lat' dir='ltr'>felix</span> <span class='ocrx_word' id='word_1_531' title='bbox 1356 5800 1515 5864; x_wconf 52' lang='lat' dir='ltr'>bromium</span> <span class='ocrx_word' id='word_1_532' title='bbox 1541 5793 1568 5849; x_wconf 70' lang='lat'>5¹¹</span> <span class='ocrx_word' id='word_1_533' title='bbox 1587 5793 1733 5850; x_wconf 64' lang='lat' dir='ltr'>ltbssfflliffi</span> <span class='ocrx_word' id='word_1_534' title='bbox 1756 5791 1893 5865; x_wconf 68' lang='lat' dir='ltr'>⁸l²l⁰¹³l5</span> <span class='ocrx_word' id='word_1_535' title='bbox 1910 5808 1959 5863; x_wconf 88' lang='lat' dir='ltr'>po-</span> 
     </span>
     <span class='ocr_line' id='line_1_48' title="bbox 326 5882 1958 5960; baseline -0.002 -18"><span class='ocrx_word' id='word_1_536' title='bbox 326 5886 429 5956; x_wconf 85' lang='lat' dir='ltr'>scripta</span> <span class='ocrx_word' id='word_1_537' title='bbox 443 5887 532 5960; x_wconf 88' lang='lat' dir='ltr'>reperi</span> <span class='ocrx_word' id='word_1_538' title='bbox 548 5927 557 5956; x_wconf 88' lang='lat'>‚</span> <span class='ocrx_word' id='word_1_539' title='bbox 572 5886 619 5943; x_wconf 88' lang='lat' dir='ltr'>sed</span> <span class='ocrx_word' id='word_1_540' title='bbox 632 5901 694 5943; x_wconf 92' lang='lat' dir='ltr'>cum</span> <span class='ocrx_word' id='word_1_541' title='bbox 709 5888 799 5944; x_wconf 90' lang='lat' dir='ltr'>oratio</span> <span class='ocrx_word' id='word_1_542' title='bbox 817 5903 912 5957; x_wconf 89' lang='lat' dir='ltr'>parum</span> <span class='ocrx_word' id='word_1_543' title='bbox 932 5890 1041 5954; x_wconf 84' lang='lat' dir='ltr'>idonea,</span> <span class='ocrx_word' id='word_1_544' title='bbox 1055 5897 1112 5942; x_wconf 90' lang='lat' dir='ltr'>tum</span> <span class='ocrx_word' id='word_1_545' title='bbox 1167 5892 1222 5939; x_wconf 88' lang='lat' dir='ltr'>test</span> <span class='ocrx_word' id='word_1_546' title='bbox 1247 5883 1599 5959; x_wconf 64' lang='lat' dir='ltr'>benerolentiaejexpiatus</span> <span class='ocrx_word' id='word_1_547' title='bbox 1610 5884 1734 5958; x_wconf 67' lang='lat' dir='ltr'>jeullyrio</span> <span class='ocrx_word' id='word_1_548' title='bbox 1749 5882 1871 5956; x_wconf 77' lang='lat' dir='ltr'>utriusvis</span> <span class='ocrx_word' id='word_1_549' title='bbox 1891 5898 1958 5939; x_wconf 80' lang='lat' dir='ltr'>ocn-</span> 
     </span>
     <span class='ocr_line' id='line_1_49' title="bbox 325 5976 1218 6061; baseline -0.007 -24"><span class='ocrx_word' id='word_1_550' title='bbox 325 5990 391 6037; x_wconf 80' lang='lat' dir='ltr'>teto</span> <span class='ocrx_word' id='word_1_551' title='bbox 430 5976 666 6061; x_wconf 72' lang='lat' dir='ltr'>barbarismorum¹</span> <span class='ocrx_word' id='word_1_552' title='bbox 687 5987 746 6046; x_wconf 75' lang='lat' dir='ltr'>erat</span> <span class='ocrx_word' id='word_1_553' title='bbox 781 5987 861 6050; x_wconf 85' lang='lat' dir='ltr'>atque</span> <span class='ocrx_word' id='word_1_554' title='bbox 896 5979 1111 6049; x_wconf 86' lang='lat' dir='ltr'>soloecismorum</span> <span class='ocrx_word' id='word_1_555' title='bbox 1166 5976 1218 6042; x_wconf 84' lang='lat' dir='ltr'>lus.</span> 
     </span>
    </p>
   </div>
   <div class='ocr_carea' id='block_1_17' title="bbox 0 0 2296 6767">
    <p class='ocr_par' dir='ltr' id='par_1_17' title="bbox 0 0 2296 6767">
     <span class='ocr_line' id='line_1_50' title="bbox 0 0 2296 6767; baseline 0 0"><span class='ocrx_word' id='word_1_556' title='bbox 0 0 2296 6767; x_wconf 95' lang='lat' dir='ltr'> </span> 
     </span>
    </p>
   </div>
  </div>
 </body>
</html>
