4584 6767
387 564 481 626 ιιιι4
876 513 883 523 ’
1012 562 1210 620 eterianus
1228 562 1261 617 ιιι
1280 561 1381 619 mem
1860 628 1863 633 ,
1961 571 2032 625 eros

388 691 480 738 ιιιιιιι
485 720 567 736 .......
583 681 759 737 servantibus
773 679 808 736 sit
827 695 877 750 pas
896 679 1005 753 llotrriui
1017 681 1104 737 nostri
1116 679 1180 744 iesu
1196 685 1219 741 Α
1234 681 1326 747 tionis,
1348 690 1376 736 et
1397 680 1530 747 scandali,
1560 698 1673 754 prorsus
1698 685 1809 740 tollatur
1822 686 1857 741 de
1882 688 1983 749 medio,
2004 698 2033 741 ot

387 772 493 828 Christi
518 780 656 843 quatenus
675 781 703 827 et
727 770 848 827 fructum
865 770 946 826 bonae
959 771 1077 827 actionis
1094 773 1185 840 perei-
1234 772 1421 844 tranquillitas
1432 774 1504 829 iuter
1517 772 1566 830 bet
1583 774 1676 832 fideles
1687 792 1735 847 per
1755 775 1858 834 Christi
1874 779 1990 850 gratiam
2003 789 2030 833 ιι

388 866 483 935 piant,
499 872 527 919 et
541 864 786 935 apuddistrietum
800 863 925 932 judicem
945 862 1058 933 praemia
1076 873 1185 919 aetcrnce
1233 865 1294 936 ejus
1305 867 1518 923 sollicitudiuem
1532 866 1733 924 conformetur.
1748 868 1805 926 liae
1828 869 1911 941 igitur
1936 872 2030 935 cerisi-

390 955 466 1025 paris
482 953 635 1010 inveniant.
652 952 753 1020 Αιιιιι,
767 966 858 1018 sumit,
871 968 962 1010 amen.
1234 959 1376 1016 duratione
1391 961 1506 1041 inducti,
1529 970 1555 1017 et
1584 962 1740 1032 specialiter
1761 964 1894 1022 imitentes
1909 964 1944 1019 ad
1959 966 2028 1021 sub-

424 1044 483 1132 Ego
496 1046 624 1101 Clemens
636 1044 777 1100 eatbolicoe
791 1042 921 1100 Ecclesiae
934 1045 1093 1116 episeopus.
1235 1054 1389 1108 ventionem
1406 1063 1485 1109 terrae
1500 1062 1602 1111 sanctae
1613 1066 1779 1125 respectum,
1797 1054 1885 1112 felicis
1898 1059 2028 1115 recorda·

424 1133 483 1207 Epo
493 1133 614 1192 lestines
629 1135 671 1192 tit.
689 1133 717 1189 S.
732 1133 827 1191 ilorci.
841 1135 934 1205 presb.
947 1137 1023 1193 card.
1235 1141 1319 1199 tionis
1331 1142 1384 1198 PP.
1396 1142 1546 1216 Gregorius
1561 1146 1661 1215 primo,
1679 1154 1707 1201 ct
1718 1146 1920 1219 subsequenter
1938 1151 2027 1206 rident

425 1228 482 1299 Ego
503 1227 731 1284 Laboranscaid.
755 1227 847 1298 presb.
866 1228 974 1285 Sattetae
993 1227 1086 1285 ilariee
1108 1237 1185 1287 trans
1234 1234 1401 1292 substitutus
1425 1237 1590 1293 uenerabilis
1613 1236 1694 1292 Pater
1718 1239 1882 1296 universalis
1896 1240 2030 1298 Ecclesiae

391 1321 519 1394 Tyberim
533 1323 576 1377 tit.
595 1321 704 1378 Collati.
952 1399 956 1405 .
1191 1333 1196 1342 '
1234 1324 1361 1386 Clemens
1375 1343 1424 1399 per
1437 1343 1477 1394 se,
1492 1336 1519 1384 et
1534 1328 1585 1384 sibi
1598 1329 1724 1386 subditos
1737 1330 1935 1387 instantissime
1951 1333 2030 1389 labo·

430 1413 485 1484 qu
499 1413 678 1485 Pandulpbus
693 1415 785 1485 presb.
807 1414 884 1471 eard.
900 1413 1026 1473 Basilica
1040 1409 1089 1473 till
1104 1416 1182 1487 Apo·
1235 1428 1342 1487 rarum,
1357 1430 1386 1476 ut
1398 1421 1469 1475 iuter
1481 1421 1607 1486 Pisanos,
1621 1430 1650 1477 et
1664 1420 1827 1490 lanuenses,
1838 1440 1908 1493 quius
1921 1424 2028 1495 iniqua,

391 1505 537 1562 stolonum.
1235 1522 1263 1568 et
1277 1512 1428 1582 periculosa
1444 1527 1605 1584 guerrarum
1623 1513 1721 1568 seditio
1739 1513 1842 1570 diutius
1854 1530 1909 1568 non
1920 1514 2030 1585 absque

428 1597 483 1670 Ego
496 1597 618 1656 lacobus
630 1599 765 1657 diaconus
778 1602 856 1657 eard.
880 1600 909 1658 S.
924 1600 1018 1659 ilariae
1031 1603 1058 1658 in
1071 1603 1184 1660 Cosrne·
1235 1620 1287 1661 suo
1297 1613 1323 1660 et
1345 1604 1463 1659 aliorum
1482 1603 1642 1660 discrimine
1665 1603 1838 1675 fatigaverat,
1853 1622 1902 1677 per
1925 1607 2029 1672 borium

390 1688 448 1744 dia.
1235 1699 1311 1767 pacis
1321 1695 1355 1750 ad
1373 1696 1483 1765 plenum
1495 1704 1618 1767 possent,
1630 1695 1779 1751 araxiliaute
1796 1694 1923 1766 Domino,
1941 1698 2030 1755 refor-

429 1823 497 1838 ......
516 1783 566 1840 SS.
593 1785 746 1842 Crisnueet
764 1785 889 1841 Damiani
906 1787 977 1842 diae.
993 1788 1068 1842 eard.
1236 1789 1318 1846 ntari.
1335 1786 1471 1843 instanter
1491 1787 1607 1859 proinde
1621 1771 1782 1843 commoniti
1801 1790 1930 1845 consules
1951 1788 2030 1846 Pisa-

430 1912 498 1928 ......
517 1872 606 1945 S··rpii
620 1885 647 1930 et
660 1873 759 1931 flacebi
778 1875 913 1932 diaconus
927 1876 1018 1931 eard.
1237 1896 1336 1936 norum
1365 1879 1539 1950 juraverunt,
1556 1888 1640 1949 prout
1668 1878 1797 1949 predicto
1820 1880 1932 1934 domino
1952 1898 2031 1952 papae

428 1961 485 2033 ligo
506 1962 628 2021 ioannes
646 1964 740 2022 Sancti
744 2007 802 2022 .....
822 1968 890 2023 card
1236 1972 1369 2029 Clementi
1383 1970 1495 2041 placuit,
1512 1985 1596 2040 super
1609 1970 1738 2026 omnibus
1749 1971 1944 2027 controversiis
1967 1972 2030 2042 quie

427 2053 485 2126 figo
504 2055 661 2115 lieruiardus
680 2057 709 2114 S.
721 2058 814 2115 itania
824 2056 907 2115 uorae
925 2061 997 2130 eliac.
1010 2061 1087 2115 card.
1149 2045 1152 2049 ’
1200 2030 1222 2084 Β
1237 2063 1308 2118 inter
1321 2060 1474 2117 Jaouenses
1485 2068 1512 2115 et
1523 2058 1640 2115 Pisanos
1667 2060 1852 2121 vertebantur,
1867 2069 1941 2116 stare
1951 2078 2030 2116 niatr-

428 2140 528 2203 ilatum
540 2148 681 2218 Laterani,
695 2167 743 2222 per·
757 2167 870 2229 maurini
884 2152 970 2224 lfoysi
987 2152 1016 2208 S.
1031 2153 1064 2208 ll.
1078 2154 1108 2210 ii.
1120 2161 1186 2210 sob-
1236 2154 1312 2220 datis
1327 2154 1401 2223 ejus,
1418 2168 1590 2223 quecunque
1601 2167 1650 2223 per
1661 2166 1691 2207 se
1707 2152 1805 2222 ipsunt,
1823 2154 1863 2207 vel
1880 2170 1926 2230 per
1940 2164 2030 2209 certus

392 2240 502 2295 diaconi
529 2241 616 2297 vicem
640 2243 747 2313 aperitis
774 2243 931 2299 caracellurii
936 2284 1016 2301 .......
1048 2246 1185 2316 septima,
1236 2246 1361 2311 nuntios,
1377 2253 1426 2299 aut
1441 2243 1547 2299 litteras
1560 2258 1626 2299 suas
1640 2242 1680 2299 eis
1695 2241 1857 2314 imponeret.
1872 2244 1904 2298 Et
1924 2245 2030 2301 utubiies

391 2347 467 2388 anuto
487 2330 690 2389 incarnaionis
714 2331 864 2401 Dominicae
891 2333 979 2400 ttss,
1008 2336 1192 2406 pontificatus.
1237 2337 1437 2409 pmdentesque
1449 2328 1500 2391 viri
1515 2335 1667 2391 Nicolanus
1684 2343 1711 2390 et
1726 2333 1865 2401 Picdtius,
1880 2319 1975 2391 nuntii
1983 2335 2029 2390 ia·

391 2438 459 2479 vers
475 2422 581 2496 domiui
597 2418 747 2485 Clementis
764 2423 890 2497 popelli
905 2442 977 2482 anun
991 2427 1091 2497 primo.
1161 2473 1163 2477 .
1236 2428 1383 2483 nuensium
1397 2428 1559 2495 consulum,
1574 2426 1707 2483 continuo
1718 2425 1769 2481 boe
1780 2424 1852 2481 idem
1864 2426 1891 2480 in
1908 2427 2029 2481 animam

745 2561 827 2618 mx
1021 2504 1022 2507 ¹
1237 2520 1359 2590 ipsorum
1371 2520 1516 2575 consulum
1540 2519 1713 2591 juraverunt.
1725 2517 1786 2586 Quo
1800 2518 1871 2574 facto
1891 2526 2032 2586 pratanter

393 2649 492 2706 Pacem
510 2670 527 2707 a
557 2653 638 2708 Paro
659 2653 688 2709 s.
714 2653 832 2709 (ΜΨ
853 2656 1005 2726 Μυκη)
1028 2665 1056 2709 Λ
1075 2655 1187 2725 sufflo
1237 2612 1454 2684 pacisosculum
1468 2609 1632 2666 adiutricem
1659 2609 1880 2666 sibi'dcderunt.
1897 2607 2032 2664 Dominus

430 2720 460 2777 s·
475 2723 570 2779 pan-a,
585 2727 611 2778 ἡ,
634 2725 681 2779 pq„
698 2724 767 2779 Lm
783 2726 898 2780 piam„
917 2725 1101 2782 ,mimum
1124 2741 1189 2780 con,
1237 2717 1306 2773 papa
1323 2710 1417 2780 autem
1427 2699 1462 2755 de
1486 2700 1626 2757 communi
1641 2701 1761 2756 consilio
1776 2716 1889 2756 surorum
1914 2698 2030 2754 fratrom

426 2792 550 2848 eiiiutmn
581 2797 650 2851 iuter
678 2794 793 2851 Pirurtos
824 2805 850 2850 ιι
880 2795 1056 2863 Jorrueurer,
1086 2798 1188 2867 eortpr-
1239 2793 1419 2854 incontinenti
1446 2794 1573 2864 praecepit
1593 2794 1660 2864 ipsis
1683 2793 1879 2858 teanensibus,
1907 2801 1937 2847 ut
1957 2792 2033 2848 niiile

429 2875 496 2919 ’Mb
597 2899 600 2906 ·
1238 2884 1272 2940 de
1283 2884 1390 2939 civibus
1402 2884 1470 2951 sois,
1482 2899 1552 2954 quos
1567 2882 1659 2940 Pisani
1674 2885 1817 2955 eligerent,
1830 2892 1860 2939 ut
1879 2900 1965 2938 unum
1982 2884 2031 2939 bu·

642 2957 793 3031 (Laterani,
813 2957 877 3014 ⁰⁰⁰·
889 2957 948 3028 Η·)
1240 2977 1341 3031 ιιιίιιιι
1360 2976 1522 3032 inanimam
1540 2976 1626 3032 totins
1643 2976 1734 3047 populi
1751 2975 1848 3030 eodem
1862 2975 1943 3030 niodo
1955 2972 2033 3030 face-

566 3046 1019 3123 iTWfflerm·‘¹¹⁸¹'5‘02152i
1075 3048 1081 3059 ⁸
1187 3119 1189 3123 Α
1239 3068 1600 3144 ιιιιιιιιιιιιι·]ιιιιιιιιιο
1631 3070 1750 3123 firmare.
1784 3065 1918 3120 Sbniiiter
1948 3066 2032 3121 etiam

429 3165 999 3234 Cueueosepiscopus,scrrusservorum
1013 3159 1190 3227 [leidileetis
1240 3160 1370 3241 praecepit
1381 3160 1449 3229 ipsis
1464 3159 1583 3226 Pisanis,
1614 3169 1644 3215 ut
1661 3157 1748 3213 ‘rutile
1775 3158 1809 3214 de
1830 3158 2032 3234 eiribussuis,

394 3258 461 3331 tiliis
475 3256 638 3312 corrsniibus
652 3263 680 3310 et
694 3253 795 3325 populo
806 3251 914 3309 Pisame
929 3253 1068 3320 dioecesis,
1084 3253 1110 3308 in
1128 3269 1191 3323 per·
1241 3265 1312 3321 quos
1327 3249 1481 3307 ianuenses
1505 3251 1648 3323 eligerent,
1675 3259 1704 3306 ut
1724 3267 1810 3306 uuum
1837 3250 1977 3306 bominem
2005 3250 2033 3305 in

395 3359 521 3421 petritum.
1204 3346 1363 3424 flanimam
1385 3346 1471 3401 totius
1492 3347 1586 3417 populi
1601 3347 1697 3401 eodem
1716 3344 1797 3400 modo
1813 3343 1935 3400 facerent
1955 3344 2033 3416 jura-

440 3440 575 3496 inutiliter
590 3439 662 3495 iuter
674 3437 864 3493 discordantes
879 3437 1094 3506 compositiones
1109 3439 1191 3494 siccae
1240 3447 1335 3498 merito
1351 3439 1470 3507 firmare,
1483 3440 1557 3509 qnod
1570 3456 1619 3510 per
1634 3437 1683 3493 ilai
1704 3438 1819 3516 gratiam
1846 3436 1965 3493 feliciter
1987 3439 2035 3494 ad-

395 3532 537 3591 seuteut'ue
552 3528 737 3602 proferentur,
749 3529 773 3585 si
791 3528 1002 3584 admemoriam
1018 3540 1190 3599 posterorum
1241 3529 1381 3600 impletum
1393 3537 1447 3585 est.
1463 3527 1554 3600 Super
1570 3529 1622 3585 boe
1637 3544 1703 3599 erqo
1718 3528 1824 3585 solitam
1845 3535 1873 3581 et
1891 3538 2035 3597 paternam

383 3639 453 3692 ,nun
471 3623 661 3695 redipercutur
688 3622 715 3677 lu
731 3620 877 3691 scriptum,
889 3628 917 3676 et
931 3620 964 3675 ad
983 3619 1109 3678 recidivae
1125 3638 1193 3677 eon-
1241 3637 1340 3694 pereus
1357 3620 1570 3682 sllicitudinem
1595 3627 1724 3677 surumus
1748 3620 1871 3691 pontifex
1894 3620 1929 3675 ad
1946 3621 2036 3689 impo-

397 3718 529 3777 tentionis
551 3716 711 3785 scrupulum
735 3715 910 3783 certandum
923 3715 964 3771 eis
992 3730 1089 3770 osisines
1102 3717 1193 3771 disec-
1242 3714 1362 3768 nerrdum
1379 3712 1639 3782 iiuemeupradietis
1656 3712 1754 3767 litibus
1779 3719 1806 3766 et
1826 3713 2036 3777 controversiis,

398 3808 491 3879 prandi
504 3808 597 3864 aditus
608 3806 799 3862 clauderetur.
810 3803 971 3875 Eapropter,
988 3805 1081 3861 dilecti
1097 3801 1128 3859 in‘
1139 3804 1193 3860 lio·
1243 3822 1304 3873 nos,
1318 3800 1380 3861 lieet
1399 3803 1596 3863 insufficientes
1613 3814 1640 3860 et
1659 3804 1824 3870 immeritos,
1838 3804 1872 3859 de
1894 3806 2038 3858 communi

309 3946 310 3950 ,
397 3901 475 3963 pruine
490 3900 550 3966 iiiii,
565 3899 625 3969 paci
646 3907 744 3955 vestm
756 3906 784 3954 et
798 3898 991 3968 tranquillitati
1010 3898 1036 3952 in
1052 3909 1191 3967 posterum
1243 3899 1359 3955 fratrum
1381 3897 1500 3954 consilio
1522 3896 1678 3968 specialiter
1706 3889 1863 3963 destinarit,
1886 3897 2037 3951 certamin

356 3975 359 3986 '
396 3990 542 4062 providere
558 3990 691 4056 voleutcs,
713 3989 945 4068 compositionem
970 4005 1031 4060 qum
1051 3991 1121 4044 inter
1144 4003 1194 4045 vos
1243 3990 1384 4047 nonnuliis
1398 3989 1523 4046 articulis
1534 3987 1651 4045 formam
1667 3987 1814 4044 deliniendi
1827 3981 1982 4058 praefigens.
2051 4053 2053 4057 ¹

397 4093 424 4136 ot
438 4083 552 4138 dilectos
567 4082 638 4140 tilios
651 4090 761 4138 nostros
772 4081 954 4149 consules’et
965 4081 1094 4153 populum
1108 4080 1194 4142 lario·
1281 4104 1292 4134 ι
1315 4082 1351 4136 lic
1365 4078 1476 4151 speciali
1502 4080 1594 4151 itaque
1616 4078 1775 4160 apostolicae
1799 4078 1871 4133 sedis
1896 4079 2036 4144 mandato,

395 4191 493 4230 cursem
523 4182 551 4230 et
575 4174 701 4231 civitates
721 4183 829 4230 vestras
843 4191 891 4246 per
916 4176 1030 4231 dilectos
1048 4176 1118 4231 filios
1141 4174 1193 4229 Pe·
1244 4172 1397 4237 mercandi,
1413 4173 1469 4228 imo
1485 4169 1638 4227 fmurcrandi
1658 4168 1819 4226 detestabile
1841 4183 1939 4238 petrus,
1964 4170 2037 4240 quod

398 4274 473 4336 ιιιιιιι
503 4268 544 4323 tit.
563 4265 592 4323 S.
622 4266 740 4324 Caeciliae
766 4266 969 4339 presbyterum,
995 4275 1023 4323 et
1047 4267 1195 4324 Sofredum
1218 4262 1399 4319 'dorrnicalia
1414 4262 1598 4317 consuevistis
1612 4260 1724 4316 nomine
1738 4258 1851 4329 palliare
1865 4258 1893 4314 in
1909 4257 2037 4330 Saralirria

399 4356 432 4412 S.
447 4357 540 4415 ilaris
553 4360 579 4414 in
597 4357 647 4413 Via
660 4357 727 4415 Lata
743 4360 904 4427 diaconum,
917 4359 1071 4418 cardinales
1087 4368 1196 4433 aposto·
1244 4354 1354 4427 pertitus
1369 4354 1524 4417 irritamus.
1540 4351 1619 4407 vebis
1640 4362 1668 4407 et
1680 4348 1869 4409 lerinensibus
1880 4350 2039 4425 precipien-

400 4449 461 4504 lieae
477 4449 551 4508 sedis
566 4449 681 4518 legatos,
697 4440 739 4504 est
753 4448 868 4519 provide
881 4448 1055 4514 confirmata,
1069 4449 1142 4505 sieut
1166 4447 1195 4502 in
1244 4454 1287 4503 tes
1310 4446 1362 4501 sub
1375 4444 1467 4501 debito
1486 4442 1644 4514 iuramenti,
1664 4456 1698 4496 ne
1719 4440 1865 4512 preter-itis
1879 4440 2038 4513 istiusmodi

398 4556 497 4604 eortina
513 4540 671 4599 antbentico
682 4542 848 4609 cominetur,
864 4541 966 4611 etipsa
981 4549 1053 4598 esta
1070 4540 1197 4612 partibus
1245 4537 1436 4594 corrtraetibus
1448 4536 1552 4607 aliquid
1564 4535 1684 4601 addatis,
1697 4534 1739 4588 vel
1764 4532 1882 4589 ulterius
1906 4533 1941 4598 de
1966 4548 2040 4587 novo

399 4632 463 4699 sine
477 4635 611 4703 pravitate
622 4642 742 4703 recepta,
757 4641 786 4688 et
802 4634 962 4704 juramento
976 4633 1096 4700 firmata,
1112 4634 1197 4688 devo-
1246 4630 1337 4686 taliter
1351 4629 1524 4700 presumatis
1539 4627 1609 4682 inire
1625 4645 1632 4682 ι
1647 4626 1785 4682 licentiam
1814 4633 1905 4680 tamen
1932 4619 2040 4679 babetis

400 4727 471 4786 tioiu
495 4736 594 4783 vestrae
620 4725 749 4781 duximus
777 4727 1005 4793 confirmandam,
1032 4725 1198 4784 auctoritate
1214 4735 1279 4792 [ιιι
1293 4720 1398 4793 absque
1415 4719 1490 4776 omrai
1506 4719 1572 4775 dolo
1585 4728 1613 4774 et
1624 4716 1723 4773 frande
1735 4717 1875 4787 colliqere,
1887 4731 1950 4786 quac
1960 4715 2040 4771 rubis

401 4816 553 4889 apostolica
567 4824 718 4872 statuentes
735 4822 765 4873 ut
773 4814 877 4872 futuris
889 4815 1060 4885 temporibus
1077 4815 1196 4872 inviola-
1246 4823 1275 4869 et
1291 4812 1339 4869 tali
1361 4813 1529 4869 mercatione
1542 4811 1686 4868 debentur.
1699 4810 1878 4882 Praeeipimus
1891 4809 1975 4864 etiam
1992 4823 2041 4861 vo·

402 4909 523 4966 labiliter
536 4908 707 4964 observetur.
729 4906 818 4974 Quam
840 4908 923 4964 etiam
943 4908 1023 4978 juxta
1052 4892 1220 4979 praedicto-,²
1247 4903 1290 4960 bis
1303 4902 1422 4971 Pisanis,
1437 4916 1472 4959 ne
1495 4903 1595 4974 quovis
1610 4901 1720 4977 ingenio
1735 4900 1845 4973 aliquod
1858 4898 2040 4971 impedimen-1

402 5014 466 5058 rum
482 4995 662 5056 cardinalium
688 4998 821 5069 seriptum
845 4997 1044 5066 authenticum,
1068 4997 1197 5069 praeseriti
1248 5005 1306 5051 tum
1320 4996 1465 5065 praestetis,
1490 4995 1641 5065 quominus
1667 4993 1821 5051 lanuenses
1842 4993 1973 5051 universa
1997 4992 2041 5061 pi·

402 5094 510 5167 papium
522 5093 651 5150 duximus
666 5092 840 5153 inserendam
862 5093 898 5149 de
922 5091 1006 5148 rcrbo
1025 5091 1197 5160 adverbum,
1248 5102 1333 5159 pnora
1348 5096 1375 5142 et
1389 5087 1578 5159 possessiones
1589 5102 1660 5158 quas
1680 5087 1707 5141 in
1726 5085 1853 5141 Sardinia
1868 5084 1985 5150 frabent,
2001 5082 2042 5138 vel

402 5186 485 5258 cujus
502 5195 580 5242 tenor
592 5185 718 5252 talisest,
737 5185 877 5241 uidelicet:
1152 5218 1155 5224 -
1249 5179 1350 5235 batere
1363 5178 1477 5247 debent,
1499 5189 1528 5236 et
1545 5178 1683 5251 praecipue
1704 5179 1818 5249 pignora
1836 5175 1982 5230 bartolum
2012 5190 2043 5247 q.

448 5297 458 5329 a
476 5278 575 5334 Petrus
590 5275 638 5332 Dei
655 5275 742 5347 pratia
754 5276 796 5332 tit.
815 5276 845 5332 S.
865 5275 983 5333 Caeciliae
1003 5276 1155 5349 presbyter,
1170 5285 1199 5333 et
1249 5271 1323 5346 repis
1334 5271 1463 5329 Arboreae
1475 5272 1566 5343 quiete
1578 5279 1607 5325 et
1619 5269 1732 5341 pacifice
1755 5275 1876 5333 teneant,
1893 5280 2046 5337 quousque

402 5369 538 5429 sofredus
549 5371 656 5427 Sanctae
671 5370 765 5427 liaris
779 5371 807 5427 in
830 5370 878 5425 ilia
894 5369 960 5435 Lata
976 5370 1111 5426 diaconus
1132 5386 1197 5425 car·
1250 5363 1318 5435 ipsis
1326 5365 1359 5419 de
1367 5375 1440 5420 sorte
1450 5363 1572 5433 plenaria
1586 5342 1669 5421 iocur
1679 5359 1864 5415 satisfactum.
1877 5356 1937 5412 lloe
1950 5359 2045 5429 ipsunt

404 5463 505 5519 diruatis
518 5464 677 5535 apostolicas
690 5463 764 5519 sedis
783 5463 882 5533 lopati,
898 5461 1036 5518 universis
1050 5462 1096 5515 bei
1112 5460 1200 5519 lideli·
1251 5458 1329 5512 vobis
1343 5455 1529 5512 Jurttrerrsibns
1541 5454 1575 5510 de
1588 5452 1762 5525 pignoribus,
1777 5461 1805 5507 et
1819 5452 2047 5521 possessionibus

405 5557 459 5619 bus
474 5556 501 5611 in
512 5571 579 5626 pace
593 5565 621 5611 ιι
634 5555 782 5612 dilectione
793 5555 883 5611 coierr.
898 5554 975 5625 pateis
995 5563 1024 5609 ct
1042 5554 1199 5617 dileetionis
1250 5544 1412 5602 Pis-anorum
1429 5544 1616 5600 subdislricltt
1641 5544 1725 5599 sinuli
1753 5542 1928 5613 precipimus
1944 5542 2048 5599 obser·

405 5661 542 5704 amorem.
1250 5638 1379 5695 vaurdam.
1397 5635 1718 5708 lotisquoqneezsanis
1731 5636 1855 5691 districte
1873 5632 1927 5691 sub
1949 5634 2049 5689 debito

446 5743 458 5790 ι·
475 5738 549 5794 inter
560 5748 670 5807 cetera,
682 5753 744 5808 que
762 5753 872 5794 summo
886 5737 1020 5809 pontifici,
1038 5747 1132 5808 utpote
1145 5736 1200 5793 l‘a·
1249 5730 1399 5804 juramenti
1414 5729 1597 5800 precipimus,
1614 5744 1647 5783 ue
1662 5728 1773 5797 aliquod
1795 5742 1844 5796 per
1857 5740 1907 5781 ros
1927 5726 1974 5779 rol
1999 5740 2050 5795 per

409 5829 444 5884 tri
467 5838 494 5884 ιι
518 5828 624 5899 pastori
652 5828 817 5884 universalis
834 5827 975 5895 Ecclesiae,
994 5827 1140 5884 imminent
1165 5843 1198 5883 ex
1251 5826 1321 5880 alios
1345 5823 1479 5893 praestetis
1508 5823 1742 5892 impedimentum,
1758 5818 1908 5892 ‹peroniiuos
1919 5816 2050 5872 universi

405 5920 499 5975 officio
523 5920 669 5990 prrstcralis
693 5919 887 5975 sollicitudinis
905 5921 1090 5991 exsequenda,
1105 5935 1199 5976 curam
1250 5918 1357 5987 iudices
1373 5915 1518 5982 Sardinia,
1534 5928 1561 5970 et
1574 5914 1668 5970 decem
1687 5913 1721 5969 de
1745 5909 1919 5984 magnatibus
1945 5919 1977 5965 ct
1998 5923 2050 5980 po·

403 6010 511 6069 adtroe
534 6022 642 6070 tenetur
659 6027 753 6084 potere
778 6013 935 6084 specialem,
953 6023 983 6069 ut
998 6014 1112 6070 acroteria
1126 6013 1199 6068 sedi·
1253 6010 1415 6067 teutioribus
1440 6008 1468 6064 iu
1489 6023 1656 6079 uttoqttoque.
1679 6005 1813 6076 judicatu,
1826 6010 1856 6059 et
1877 6001 2050 6074 interponite
