4584 6767
326 607 378 665 aar
875 565 1117 651 venatores.
1141 578 1396 647 subnotamus
1903 566 1957 623 aa

326 699 562 778 intercedentibus
575 713 665 780 nabis,
698 713 772 784 quod
788 712 860 769 idem
876 710 1013 781 negotium
1028 706 1062 763 ad
1072 699 1121 763 do·
1135 707 1159 767 Α
1172 702 1235 773 quia
1246 698 1298 756 etsi
1311 697 1379 753 tales
1393 703 1497 756 stamus,
1512 687 1585 757 qdod
1610 682 1745 741 interdum
1768 694 1825 752 μη
1837 693 1958 752 occupa-

327 824 389 867 mus
406 808 479 862 iilius
495 819 589 875 pacem
612 813 639 858 et
660 802 832 859 commodum
847 799 991 871 dirigatur.
1004 797 1032 852 st
1048 810 1116 868 quas
1167 791 1288 848 tionibus
1302 787 1396 844 multis
1419 781 1548 839 nonnulla
1577 776 1754 847 negligimus;
1782 774 1854 829 banc
1866 782 1958 828 tamen

327 915 394 969 ergo
415 898 458 956 vel
473 910 581 953 nostras
596 895 638 949 rel
653 896 767 949 aliorum
783 892 886 947 litteras
905 889 1117 957 babuistis,quae
1133 882 1145 903 ⁶
1171 891 1332 951 tantamque
1348 893 1362 931 a
1376 875 1455 930 nobis
1468 874 1539 927 licus
1550 876 1658 924 avertat
1681 865 1844 926 amentiam.
1865 872 1897 918 ut
1910 864 1958 918 eli·

328 992 466 1065 praedicte
479 990 572 1046 domui
600 987 788 1055 exceptionem
804 983 884 1040 soluti
903 988 1059 1036 contractus
1069 994 1118 1048 op-
1169 987 1251 1043 quern
1266 971 1300 1025 de
1315 970 1359 1025 lais
1370 968 1417 1037 qui
1433 966 1511 1021 nobis
1532 961 1634 1032 praelati
1655 968 1728 1061 suat
1739 966 1958 1061 condemnamus.

330 1090 444 1154 ponant,
457 1095 505 1136 eas
518 1067 597 1135 nobis
622 1078 681 1135 loco
697 1077 787 1148 magni
811 1075 934 1130 muneris
965 1072 1117 1138 redlribcte,
1168 1062 1366 1117 lntcrcsetcros
1379 1064 1469 1112 eutem
1481 1068 1529 1107 ros
1557 1059 1634 1105 tanto
1654 1048 1794 1104 bumriiorr
1806 1051 1957 1101 reverentia

330 1173 428 1229 gaeum
447 1186 504 1226 fem
521 1180 662 1245 Μῶφι
674 1167 865 1237 acceptabilem
883 1165 958 1220 00qu
976 1162 1135 1229 nosrfoggt,
1168 1165 1343 1217 venerantur,
1369 1157 1473 1217 quanto
1492 1143 1683 1221 excellentiam
1703 1152 1821 1196 vestram
1845 1140 1959 1210 praenol-

331 1265 440 1319 domum
472 1260 621 1333 longivadi
660 1262 695 1315 ab
733 1258 813 1328 bajus
854 1255 934 1327 litigii
964 1254 1120 1311 discrimine
1170 1243 1228 1299 lere
1240 1240 1447 1312 quamplurimis
1472 1236 1545 1291 nullo
1572 1248 1690 1305 unquam
1722 1231 1855 1301 scrupulo
1872 1233 1976 1313 dubiae

320 1352 462 1413 liberetis.
1126 1381 1144 1410 ,
1171 1330 1380 1390 dissimulationi
1407 1328 1597 1397 ambiguimus.
1622 1324 1662 1379 dd
1691 1323 1772 1393 pedes
1798 1322 1879 1392 igitur
1902 1324 1961 1406 qim

690 1440 759 1496 itt.
1170 1426 1221 1482 riae
1234 1434 1331 1478 vestrae
1346 1422 1488 1491 praeteritae
1500 1417 1667 1489 negligentiae
1694 1415 1802 1469 venient
1821 1416 1959 1483 postulan-

297 1540 305 1554 ‘
330 1535 372 1590 drt
387 1537 522 1589 dominnm
536 1533 712 1602 ligncintlrnm
726 1532 899 1586 cardinalem,
911 1562 946 1573 -
959 1529 1076 1585 Excusat
1090 1545 1119 1582 η
1173 1526 1223 1581 tes,
1238 1514 1336 1583 opotiri
1352 1512 1430 1567 nobis
1445 1498 1552 1563 tan'detn
1577 1517 1674 1561 vestrae
1696 1504 1890 1559 iamiliaritatis
1905 1504 1960 1557 ari·

366 1608 434 1676 qaod
447 1607 561 1658 noudum
574 1603 727 1657 etionorem
740 1604 952 1672 (perepistolrm,
965 1603 1119 1669 urrptaurt,
1174 1614 1229 1660 tum
1246 1605 1437 1674 deprecantur,
1454 1618 1513 1670 qua
1538 1602 1564 1654 tn
1587 1601 1648 1665 boc,
1670 1598 1693 1651 si
1709 1596 1808 1666 piacet,
1825 1598 1959 1665 petruinus

366 1676 523 1730 cohibuerit.

369 1786 528 1853 Quaerendae
545 1783 739 1838 familiaritatis
749 1774 889 1853 et'gratite
903 1793 998 1838 restrae
1011 1783 1121 1853 grandi-

331 1884 374 1931 ter
389 1874 520 1929 lractcuus
535 1873 706 1942 negligentes
718 1883 808 1928 vestro
822 1889 872 1928 nos
892 1874 1057 1929 omnimodis
1073 1875 1123 1927 iru-

333 1966 470 2019 nriliamus
484 1966 591 2030 irorrori,
605 1975 636 2020 ut
650 1965 747 2020 debeat
767 1967 845 2020 venia
861 1966 1006 2036 praerogari
1030 1968 1123 2036 trcgle·

244 2076 247 2080 ·
333 2056 402 2110 ciui.
413 2054 513 2112 Procul
534 2066 624 2112 autent
651 2056 771 2137 suspicio
791 2057 917 2113 universa
931 2065 1120 2127 contemptus;

1172 1697 1250 1751 nobis
1274 1712 1329 1750 sust
1347 1695 1509 1765 dignationis
1537 1692 1683 1761 indulgeat,
1713 1700 1741 1742 ιιι
1767 1703 1911 1756 gravamen
1933 1697 1960 1738 ct

1176 1789 1285 1843 taedium
1300 1787 1358 1856 rjus
1370 1803 1430 1857 qun
1445 1786 1479 1839 de
1496 1784 1572 1838 vobis
1588 1785 1658 1836 lacta
1670 1790 1711 1835 est
1726 1781 1867 1835 electionis
1883 1795 1961 1831 arci·-

1176 1888 1224 1933 tat.
1240 1878 1366 1933 Proiecto
1381 1880 1452 1933 enim
1477 1893 1510 1932 es
1525 1877 1630 1945 integro
1647 1888 1690 1928 me
1702 1872 1778 1926 rubis
1789 1872 1961 1925 constitututis

1175 1970 1338 2032 obnoxium,
1357 1968 1379 2022 si
1396 1969 1429 2023 ab
1454 1970 1506 2021 boe
1521 1965 1642 2036 periculo
1664 1961 1836 2018 reddideritis
1850 1962 1960 2030 expedi-

1177 2068 1243 2114 tum.
1260 2060 1353 2116 Valeat
1365 2061 1516 2115 sublimitas
1526 2065 1625 2112 restra.

359 2336 518 2416 Epistolas
540 2304 714 2417 sequentes
742 2339 842 2403 edidit
855 2340 1196 2486 domnusclimtenliius
1219 2342 1371 2432 inescari
1396 2340 1547 2402 Anccdot.
1567 2345 1590 2400 t.
1606 2339 1632 2414 l,
1648 2336 1709 2402 col.
1730 2338 1799 2407 oto,
1817 2330 1857 2398 ex
1879 2352 1938 2399 ms.

1036 2437 1137 2483 uraera
1164 2438 1237 2485 ensa

435 2557 439 2562 “
515 2519 536 2548 Ι

699 2602 760 2656 XV.

336 2695 377 2750 Ati
391 2693 749 2765 proeloturttprecrttoriooe
762 2693 934 2747 Gorrtmendnt
950 2694 974 2746 ei
988 2708 1064 2746 stturn
1079 2709 1124 2747 or·

494 2764 593 2825 dinem,
608 2779 638 2815 nc
654 2764 787 2831 precipue
803 2763 908 2817 demunt
921 2763 965 2816 dt.

371 2854 439 2909 Viro
466 2851 614 2908 venerabili
627 2860 655 2905 et
669 2850 758 2905 arnico
782 2866 832 2905 atto
855 2850 1010 2905 Christiano
1026 2850 1058 2906 tt.
1078 2850 1125 2905 bei

335 2946 422 3014 gratia
437 2941 466 2996 S.
485 2941 518 2995 li.
532 2941 562 2995 E.
575 2940 693 3005 subdito,
706 2950 734 3016 et
745 2939 930 2994 lausannensi
943 2940 1041 3004 eleeto,
1056 2940 1126 2995 linn-

335 3050 413 3090 stcus
425 3032 586 3087 Clarcrallis
601 3046 749 3100 pauperum
763 3046 869 3098 servus,
891 3029 1005 3086 salutem
1021 3040 1049 3085 ct
1072 3033 1126 3086 sin·

336 3140 406 3181 cerae
420 3125 573 3179 dilectionis
587 3121 725 3177 allectum.

280 3218 285 3227 '
372 3215 450 3284 Quod
463 3214 590 3269 exirilritte
604 3212 740 3281 quondam
756 3213 846 3268 domui
861 3223 961 3282 nostre
974 3215 1125 3285 praesentim

268 3362 272 3368 ,
336 3316 436 3363 vestras
456 3303 603 3368 deluimus,
625 3317 707 3374 grave
718 3302 824 3358 exstitit
838 3305 917 3359 nobis
929 3313 958 3359 et
972 3296 1126 3371 molestum,

337 3412 372 3453 eo
395 3395 560 3467 jampridem
583 3394 719 3450 desiderio
747 3389 859 3458 allectis,
882 3404 912 3449 ut
935 3406 1026 3451 restro
1047 3396 1083 3451 ibi
1099 3405 1127 3450 ct

339 3501 530 3543 recrearemur
544 3484 638 3550 allatu,
669 3495 696 3541 et
722 3484 921 3542 delectarentur
940 3497 1061 3557 aspectu.
1078 3489 1127 3542 liet

310 3652 317 3665 .
338 3581 419 3636 nobis
440 3580 571 3635 liortrinus
587 3582 673 3635 vicem
703 3582 961 3653 recompensationis
973 3589 1082 3651 optatae,
1097 3579 1128 3635 ul

338 3671 409 3739 quod
424 3678 488 3725 tunc
499 3685 533 3726 ert
548 3671 670 3726 absentia
695 3673 787 3727 nostra
804 3673 980 3743 perdidimus,
995 3673 1128 3729 utrumme

337 3760 489 3830 praesentiri
511 3760 605 3817 lcnore
622 3778 838 3832 compensemus.
864 3764 936 3819 Satis
956 3764 1039 3817 ctiam
1051 3763 1128 3832 cupi·

338 3865 399 3905 ntus
411 3851 500 3905 locum
519 3851 576 3905 clari
590 3853 667 3906 nobis
681 3861 708 3907 et
723 3863 839 3921 tempus,
856 3853 900 3908 ubi
917 3864 944 3907 ct
955 3862 1085 3919 quantum
1100 3846 1126 3907 td

340 3940 413 4009 quod
431 3941 502 3995 intra
514 3956 563 3996 nos
586 3941 729 3997 allectibus
745 3943 845 4012 agitur,
872 3943 981 3997 tanrlem
1000 3956 1063 4013 erga
1079 3927 1162 3998 vosc

340 4029 484 4086 affectibus
511 4032 715 4099 comprobetur.
742 4033 779 4087 lle
803 4043 904 4088 caetero
932 4035 1125 4099 memineritis,

338 4124 572 4193 murmurasset
588 4132 696 4191 nostrae,
708 4138 789 4192 quem
807 4124 833 4178 in
848 4139 881 4179 eo
899 4126 1081 4196 potissimum,
1100 4136 1128 4180 et

338 4214 453 4269 avobis
466 4215 651 4285 concepimus,
675 4225 702 4272 et
728 4216 762 4272 de
789 4216 876 4281 vobis,
903 4217 975 4286 quod
1002 4218 1126 4274 ordinem

337 4315 475 4368 nostrum,
487 4320 567 4374 quem
583 4306 799 4379 dorninuapapa,
814 4308 860 4377 qui
884 4320 926 4364 est
937 4318 1014 4377 pater
1026 4319 1125 4377 nester,

339 4404 414 4450 tanta
429 4396 532 4467 pictate
546 4398 630 4470 diligit
655 4408 682 4456 et
707 4409 808 4469 tuetur,
824 4387 873 4458 ves
886 4417 992 4472 quoquc
1005 4402 1126 4457 debeatis

311 4485 662 4541 -baercd‘rtariecbaritate
689 4489 813 4559 diligere,
838 4490 971 4557 nobisque
996 4489 1022 4542 in
1048 4489 1126 4545 vobis

336 4574 418 4643 lnrjus
442 4579 563 4632 muneris
577 4590 763 4633 successorem
789 4580 914 4649 exemplo
931 4588 959 4634 ct
976 4569 1126 4635 imitatione

336 4668 405 4721 trrrrti
420 4668 555 4736 pontilicis
566 4667 706 4723 csltibere.
732 4668 893 4739 Spceialitcr
910 4680 1001 4724 autent
1014 4671 1124 4726 domurn

335 4756 370 4811 de
383 4755 425 4811 dt.
442 4753 547 4811 iteretis
569 4757 646 4812 vobis
669 4758 797 4828 precibus
827 4759 1060 4824 commendamus,
1078 4775 1124 4816 ro·

256 4871 259 4876 ·
333 4857 435 4918 gentes
447 4846 574 4905 omnibus
588 4847 676 4902 modis
688 4850 766 4902 tutent
782 4862 829 4902 vos
845 4848 881 4903 illi
895 4850 1018 4905 exbiberi
1033 4861 1125 4920 patro-

336 4954 414 5006 num,
426 4948 456 4997 ut
478 4954 511 4995 eo
524 4938 630 4995 iclicius
648 4940 756 4996 beatam
768 4941 915 5006 sedixerit,
935 4957 988 5012 quo
1005 4943 1124 5014 singula-

335 5032 394 5087 rius
409 5032 469 5107 ipsa
484 5030 534 5087 sub
550 5030 645 5086 umbra
659 5030 734 5087 illius
759 5046 839 5103 quem
864 5032 1066 5090 desideraverat
1081 5051 1124 5092 re·

334 5126 461 5195 quiescit.
478 5125 506 5182 Si
520 5140 574 5195 qua
588 5139 651 5180 vero
664 5125 734 5179 inter
750 5140 797 5180 vos
809 5134 836 5179 et
847 5138 907 5179 eam
931 5125 985 5181 litis
1008 5131 1121 5184 materia

335 5220 460 5284 emersit,
472 5216 516 5275 rel
529 5230 612 5274 causa
627 5216 742 5283 dissidii,
760 5231 792 5272 eo
803 5217 875 5285 quod
887 5217 980 5273 vineas
990 5219 1120 5288 qrrasdam

334 5324 403 5378 quas
413 5312 544 5381 possidet,
560 5310 594 5367 ed
619 5323 716 5366 uranus
740 5318 845 5365 vestras
857 5311 1028 5367 crodideritis
1044 5326 1122 5370 revo-

336 5403 448 5464 candas,
463 5411 650 5472 competentes
676 5402 808 5458 iratribus
831 5401 954 5457 inducias
967 5414 1121 5475 prorogate,

335 5491 423 5545 donec
448 5491 591 5561 loquamur
617 5494 718 5564 pariter
741 5492 841 5550 iacturi
857 5494 1001 5550 terminum
1018 5497 1121 5568 absquc

335 5582 453 5640 termino
469 5582 619 5638 eharitatis.

329 5697 335 5726 r
505 5719 509 5734 ,
689 5675 747 5730 Xi'l

335 5764 378 5819 Ad
389 5766 540 5837 episcopum
555 5768 715 5836 precatorio.
729 5797 765 5807 -
775 5767 946 5824 Cotnrnenont
965 5772 1017 5840 tpsi
1028 5788 1124 5830 attond-

370 5840 453 5891 stsrin
476 5837 578 5893 ordinis
600 5839 642 5891 stri
667 5838 694 5890 in
718 5839 868 5908 episcopatu
901 5840 1053 5911 legionensi
1067 5842 1124 5897 esi·

509 6007 523 6055 t
534 5998 609 6057 l'atri
622 6000 782 6058 charissimo
798 6003 843 6058 bc.
858 6002 944 6074 gratia
958 6002 1119 6075 Legioncnsi
1137 6081 1155 6088 -

1140 2589 1314 2676 Bepiscopo,
1331 2605 1364 2660 ll.
1384 2605 1543 2660 clarevallis
1556 2619 1705 2675 pauperum
1726 2618 1821 2658 servus
1832 2604 1960 2671 salutem,

1176 2708 1202 2752 et
1214 2714 1282 2768 quas
1293 2707 1380 2767 potest
1391 2698 1540 2753 orationes.

1211 2792 1287 2861 Apud
1298 2790 1437 2862 egregium
1448 2797 1476 2843 et
1486 2788 1615 2845 benevole
1624 2788 1728 2844 meritis
1741 2788 1841 2850 virum,
1856 2787 1961 2856 quietern

1177 2898 1225 2937 ros
1240 2896 1299 2937 csse
1311 2869 1481 2943 con'iulirnus,
1499 2896 1552 2935 non
1577 2896 1644 2949 opus
1659 2889 1701 2935 est
1725 2880 1804 2949 longo
1819 2880 1961 2948 protentio,

1177 2974 1324 3052 multisque
1348 2972 1492 3025 verborum
1520 2970 1670 3035 blanditiis,
1697 2970 1731 3024 sd
1763 2970 1961 3039 irrrpctramlrrarr

1177 3071 1249 3139 qnod
1258 3067 1333 3144 juste
1346 3068 1512 3137 exposcitur,
1528 3064 1678 3134 prasertim
1694 3061 1739 3117 ubi
1755 3062 1824 3116 bens
1839 3062 1864 3114 in
1876 3075 1960 3113 causa

1177 3176 1238 3217 csse
1264 3161 1432 3232 agnoscitur.
1457 3155 1575 3211 Proinde
1595 3154 1723 3209 nolumus
1746 3166 1794 3206 ros
1821 3150 1962 3220 multiplici

1178 3248 1285 3302 suadela
1302 3247 1404 3301 diutius
1416 3246 1552 3309 detincre;
1583 3244 1630 3297 sed
1652 3256 1735 3311 quaee
1748 3249 1836 3295 restra
1862 3238 1959 3294 sancti·

1178 3346 1235 3393 tate
1249 3336 1423 3406 requirimus,
1446 3334 1563 3404 sirnptici
1577 3341 1605 3387 ct
1617 3332 1688 3387 nuda
1703 3329 1851 3399 prolatione
1865 3340 1963 3397 sugge-

1179 3428 1275 3482 rimus.
1295 3424 1323 3479 ln
1349 3427 1505 3495 episcopatu
1527 3434 1618 3479 vestro
1641 3427 1747 3477 constat
1767 3429 1828 3472 esse
1842 3418 1964 3470 novellas

1181 3517 1364 3588 plantationes
1384 3515 1489 3569 ordinis
1523 3512 1610 3570 nostri
1643 3508 1875 3580 quamplurimas,
1903 3522 1965 3575 qnae

1178 3608 1310 3665 continua
1330 3607 1466 3678 rigatione
1494 3603 1633 3659 tutaminis
1659 3611 1741 3670 atque
1766 3598 1856 3654 solatii
1879 3598 1962 3651 vestri

1178 3700 1323 3771 plurimum
1352 3700 1481 3770 indigent.
1498 3698 1552 3753 llas
1576 3697 1668 3763 itaque
1688 3705 1783 3748 omnes
1807 3691 1964 3762 paternitati

1178 3803 1276 3847 restrae
1289 3796 1495 3847 commendatas
1514 3803 1574 3845 esse
1601 3788 1804 3848 desideramus3
1828 3784 1965 3854 praecipue

1179 3898 1244 3939 rero
1257 3883 1318 3939 illas
1332 3900 1392 3956 qnae
1406 3886 1440 3938 ad
1464 3872 1586 3937 nost'rant
1599 3885 1709 3934 domum
1721 3875 1865 3947 specialius
1881 3874 1964 3942 perti-

1179 3989 1244 4028 nerc
1271 3983 1429 4030 noscrtntur.
1461 3971 1505 4027 sn
1530 3984 1595 4041 ergo
1610 3968 1704 4039 pietati
1730 3983 1762 4024 ee
1789 3966 1965 4038 providendae

1178 4073 1274 4119 vestrae
1299 4063 1393 4118 cedern
1421 4062 1587 4118 monasteria
1615 4076 1710 4116 errrore
1732 4059 1790 4124 liei,
1814 4068 1843 4113 et
1866 4068 1965 4112 nostrae

1177 4158 1387 4229 supplicationis
1410 4158 1521 4211 obtentu
1550 4155 1673 4224 diligere,
1700 4152 1794 4209 lovere
1820 4166 1853 4206 ec
1882 4165 1964 4205 manu

1180 4258 1270 4303 tencre
1280 4264 1287 4312 ;
1299 4248 1373 4316 quia,
1390 4247 1412 4300 si
1425 4246 1567 4311 dignanter
1581 4253 1608 4298 et
1621 4244 1665 4313 pie
1678 4256 1799 4312 superea
1813 4241 1963 4305 intenditis,

1177 4340 1265 4393 onmis
1281 4341 1374 4407 utiquc
1401 4337 1541 4408 proiectus
1563 4350 1656 4391 eornm
1686 4334 1720 4387 ad
1743 4340 1862 4387 restrum
1879 4330 1964 4397 ipsius

1180 4430 1311 4486 lrottorcm
1330 4440 1357 4484 et
1377 4429 1490 4498 gloriam
1519 4425 1691 4481 redundabit.
1719 4422 1754 4479 br
1782 4420 1964 4474 atttemcirca

1176 4520 1332 4588 ltujttsmodi
1353 4518 1487 4573 laudabile
1504 4518 1623 4573 studium
1640 4532 1689 4571 vos
1714 4512 1800 4583 magis
1813 4510 1964 4566 officiosum

1177 4612 1319 4680 magisque
1341 4612 1467 4667 devotum
1483 4608 1642 4670 babeamus,
1658 4606 1812 4661 orationum
1825 4618 1858 4657 ac
1881 4604 1964 4656 bene·

1177 4700 1301 4755 iiciornm
1313 4715 1374 4770 quse
1387 4700 1415 4754 in
1427 4700 1508 4756 domo
1523 4708 1614 4753 nostra
1638 4709 1724 4765 usque
1749 4694 1776 4748 in
1801 4694 1882 4747 linem
1905 4690 1963 4746 lieri

1175 4792 1286 4859 lrabeat,
1308 4791 1467 4863 participem
1483 4806 1532 4847 ros
1550 4805 1611 4846 esse
1627 4787 1812 4845 concedimus.

1529 4899 1609 4958 xttt.

1175 4992 1216 5047 dd
1230 4992 1375 5063 principem
1388 4992 1547 5060 precatorio.
1559 5020 1594 5030 -
1608 4987 1779 5046 Commendat
1793 4987 1817 5042 ei
1828 4995 1964 5042 monastr-

1457 5065 1526 5114 rr'nnt
1544 5066 1576 5114 de
1598 5061 1708 5113 l'erosu.

1210 5176 1279 5232 l'ilia
1296 5183 1387 5231 nostra
1404 5180 1551 5245 pauperet
1569 5171 1674 5227 modica
1689 5169 1786 5225 domus
1805 5168 1839 5223 de
1850 5166 1963 5231 Peross,

1136 5261 1281 5323 lilruetus
1292 5272 1363 5335 qtroe
1379 5263 1494 5333 rigidior
1505 5263 1578 5317 inter
1592 5272 1684 5332 petras
1702 5259 1779 5329 gleba
1797 5274 1851 5313 non
1864 5258 1965 5328 germi-

1176 5366 1235 5421 nat,
1254 5356 1289 5412 ab
1310 5352 1444 5409 uberioris
1463 5350 1538 5405 lundi
1564 5350 1732 5417 benignitate
1762 5346 1916 5412 mendicam
1936 5352 1966 5399 el

1176 5447 1239 5517 quia
1255 5462 1309 5503 aton
1322 5445 1405 5502 babet
1422 5458 1477 5513 quo
1492 5452 1660 5499 sustentetur
1677 5456 1710 5496 er
1727 5439 1862 5512 proximo,
1877 5437 1966 5492 victus

1176 5539 1217 5593 sui
1232 5535 1330 5610 stipem
1343 5551 1465 5606 quarere
1479 5515 1585 5606 cogitur
1608 5550 1642 5590 ex
1664 5534 1820 5605 longinquo.
1835 5532 1904 5587 liinc
1922 5540 1966 5588 est

1177 5633 1248 5701 quod
1264 5645 1325 5685 cum
1341 5630 1391 5686 snb
1406 5630 1501 5685 umbra
1521 5627 1627 5682 aiantun
1646 5637 1800 5683 vestrarum
1813 5610 1965 5697 qualecun-

1175 5699 1309 5795 queillnd
1331 5739 1386 5779 suar
1409 5721 1618 5777 sustentationis
1643 5720 1791 5791 remedium
1803 5719 1966 5785 invenisset,

1174 5816 1263 5874 locum
1280 5820 1331 5874 sibi
1359 5818 1393 5874 ad
1418 5817 1490 5872 latus
1505 5827 1626 5872 restrum
1646 5816 1673 5871 in
1697 5815 1813 5885 plurima
1827 5812 1966 5866 ansietate

1173 5909 1325 5975 constituit,
1351 5924 1404 5965 non
1420 5920 1475 5963 tarn
1495 5909 1528 5965 de
1541 5909 1591 5963 soli
1608 5907 1746 5962 icrtilitate
1760 5920 1868 5969 secura,
1882 5916 1965 5972 quant

1175 6003 1208 6058 dc
1228 6001 1409 6074 propagandis
1420 6010 1517 6059 restrae
1532 6001 1684 6056 dilcctionis
1695 6000 1820 6055 ubertate
1835 5992 1962 6051 sollicita.
