4584 6767
401 557 454 613 aas
1027 536 1217 602 us'uuenru
1237 527 1423 599 oe'usoulo
1481 500 1484 507 ’
1716 505 1728 523 ‘
1928 559 1931 565 e
1994 540 2041 597 ιιι

312 659 317 668 ’
402 684 484 743 suuper
494 665 586 725 omnia
613 662 744 723 institerit
766 661 904 720 monuerit
916 669 945 719 et
959 661 982 695 ’¹
997 662 1148 733 rogaverit,
1164 669 1193 717 et
1205 663 1228 720 Α
1242 658 1302 714 ties.
1315 658 1387 715 litut
1401 658 1552 716 babeamus
1566 656 1749 714 enimalritull
1760 656 1918 715 laborantis
1933 664 1964 715 et
1978 659 2042 718 ode·
2076 735 2077 756 Χ

402 776 475 817 nunc
501 760 632 815 domnum
657 754 1041 829 episeopumnostroaeripta
1055 754 1193 825 piaasn·
1243 751 1367 807 rentlsin
1383 751 1583 807 sacriflciollei
1601 751 1721 821 itemque
1738 751 1862 807 bominis
1884 752 2042 822 prudenter
2076 763 2077 772 ¹

401 848 535 907 attonitum
546 862 608 904 esso
621 847 698 913 uelit,
715 854 745 901 ut
755 846 806 915 ipsi
821 844 886 901 loco
904 843 1063 915 specialiter
1085 840 1197 915 praepi-
1242 842 1373 899 diriaaet
1397 843 1520 900 ereleatia
1549 844 1768 908 ratiocinantis,
1789 844 1947 901 subsecuta
1981 857 2043 903 seat

402 943 457 997 ciat
468 939 546 1009 luvet
558 950 589 997 et
605 941 639 997 ad
650 954 787 996 summum
813 938 964 1009 perducat,
987 937 1049 1007 qnia
1079 934 1193 1007 propria
1242 934 1394 992 deindeilla
1408 937 1462 991 duo
1486 936 1621 992 cherubin
1646 936 1833 1007 expandentia
1847 935 1994 993 alassuas
2017 938 2043 995 ia

298 1035 302 1039 “
402 1033 514 1103 eiusest
531 1034 698 1099 elemosina,
713 1047 853 1103 perquam
868 1030 1016 1102 recipiatur
1041 1028 1068 1084 in
1091 1036 1193 1084 eterna
1244 1030 1332 1084 medio
1343 1028 1466 1085 ecclesie
1479 1037 1509 1084 et
1524 1030 1614 1085 versis
1628 1028 1787 1085 nullibusin
1808 1029 2043 1101 propitiatoria

403 1125 537 1183 ccolorum
554 1125 744 1192 tabernacula,
773 1134 803 1179 ιιι
829 1123 900 1180 sicut
917 1129 1084 1178 notatnsest
1104 1120 1196 1189 aqui·
1243 1129 1379 1177 semotuo
1391 1121 1567 1192 respicientia
1583 1121 1618 1186 ⁸⁸,
1642 1121 1726 1177 idest
1751 1113 1805 1177 duo
1830 1122 2044 1192 prreclarisaisal

383 1217 519 1274 busdam
548 1218 773 1282 nostriuordinis.
788 1216 946 1272 dicentibus
970 1215 1042 1284 quod
1069 1215 1194 1273 ordinem
1243 1213 1370 1279 ordines,
1387 1212 1535 1268 deuotione
1559 1228 1609 1268 sua
1637 1212 1783 1269 ecclesiam
1808 1223 1997 1286 protegentes
2014 1224 2043 1271 et

376 1305 481 1362 'Beati
504 1307 645 1362 Benedicti
659 1306 695 1361 ab
724 1305 841 1360 eeclesia
865 1291 1131 1376 Pauli'capulisset‚
1156 1304 1194 1358 ita
1244 1303 1385 1359 conversis
1410 1303 1445 1359 ad
1466 1303 1550 1359 lleum
1576 1302 1706 1360 cudibus
1741 1317 1772 1359 sc
1795 1313 1893 1358 nntrtua
1923 1305 2043 1363 caritate

379 1395 383 1401 '
403 1400 535 1467 probetur
549 1400 584 1454 ab
595 1398 704 1463 iisdem,
717 1398 781 1468 qnnia
795 1398 877 1468 digne
892 1396 1088 1466 professionem
1100 1402 1210 1452 sancto-
1243 1396 1413 1462 resumentes,
1431 1410 1547 1466 quorum
1569 1410 1641 1455 unus
1665 1395 1859 1453 Cistercicnsis
1878 1395 1957 1453 duce
1981 1396 2043 1454 lier·

403 1488 550 1546 benedicto
581 1490 756 1546 servantibus
786 1487 1067 1545 cornsulereauxtliari
1093 1496 1122 1543 et
1144 1501 1194 1543 sua
1244 1483 1341 1552 nardo{
1366 1487 1534 1541 sanctissimi
1561 1486 1682 1542 troarninis
1711 1485 1826 1552 abbate,
1852 1488 2041 1544 monasticum

405 1583 501 1655 largiri
515 1582 541 1638 in
558 1583 687 1639 omnibus
715 1589 827 1651 paratus
854 1581 899 1635 sit.
916 1580 969 1636 Sed
994 1580 1059 1650 quid
1086 1581 1120 1634 ad
1136 1581 1194 1636 lnaec
1244 1580 1368 1636 ordinem
1378 1578 1435 1649 jann
1452 1595 1521 1650 pene
1542 1569 1648 1650 lapsu‘m
1675 1579 1708 1634 ad
1735 1579 1852 1649 primam
1879 1581 2042 1648 apostolice

406 1676 510 1732 tantilla
528 1676 562 1730 dc
580 1674 744 1730 liberalitate
761 1672 820 1741 ejus
834 1672 935 1737 refero,
953 1672 1031 1742 quasi
1044 1688 1098 1730 non
1116 1672 1193 1743 plura
1245 1673 1306 1727 nite
1322 1687 1447 1729 normam
1475 1673 1625 1741 repararit,
1640 1672 1722 1736 alter,
1739 1671 1839 1725 merito
1854 1680 1883 1726 et
1900 1672 2039 1727 nomiuea

404 1768 526 1825 {tuerintl
546 1766 616 1835 Quid
641 1768 778 1839 ingentem
803 1765 893 1821 laudis
916 1768 1060 1824 materiam
1084 1766 1194 1824 silentio
1245 1762 1300 1820 Deo
1313 1762 1555 1828 Praenrnonstratus‚
1581 1765 1650 1818 (¹⁰⁰0
1670 1763 1806 1819 Norbeffo
1826 1762 2041 1835 Parthenopoli-

404 1859 555 1931 supprimo‚
566 1868 596 1914 ut
607 1858 679 1916 Deus
691 1858 797 1912 laudern
807 1857 929 1914 ecclesia
941 1874 997 1914 suae
1008 1860 1061 1916 laoc
1073 1870 1194 1931 tempore
1246 1865 1311 1912 fauo
1322 1857 1517 1926 archipresule
1526 1856 1662 1925 inceptus,
1675 1854 1899 1913 ecclesiasticum
1913 1856 2038 1912 ordinem

406 1965 460 2005 non
477 1952 603 2015 tacuerit,
627 1962 657 2004 nt
681 1951 709 2005 in
736 1950 789 2005 hoc
815 1951 913 2021 dignus
937 1952 1059 2023 episcopi
1080 1955 1194 2009 consilio
1246 1949 1350 2005 deluto
1365 1948 1510 2003 mundante
1538 1948 1668 2003 vanitatis
1691 1946 1822 2003 excussit.
1856 1947 2039 2003 credasuos

405 2041 550 2097 bortatuet
561 2055 614 2110 ope
624 2055 672 2095 suo
684 2038 731 2094 liei
742 2038 852 2108 adiuntur
868 2038 972 2096 fueriti
984 2041 1091 2098 Etonnim
1106 2045 1195 2101 eccle-
1210 2012 1233 2072 B
1246 2041 1313 2096 duos
1320 2040 1432 2096 ordines
1445 2040 1547 2096 essedc
1560 2038 1722 2110 Apocalypsi
1740 2040 1809 2112 (cap.
1821 2039 1876 2106 ιι),
1890 2040 1967 2096 duos
1977 2055 2038 2111 pro·

404 2134 508 2191 siastici
528 2142 556 2189 et
575 2131 722 2187 monastici
738 2129 855 2197 ordinis,
880 2142 910 2187 ut
934 2133 1194 2193 laurentaseratde·
1246 2131 1426 2202 plaetascirca
1439 2133 1520 2188 inem
1535 2133 1628 2188 mtundi
1648 2133 1730 2188 alleo
1739 2133 1842 2187 missos
1854 2141 2039 2203 etsaccopc·

406 2227 505 2282 nemias
518 2223 628 2297 (Tlrren.
640 2226 690 2295 ιι),
700 2225 798 2293 james
811 2224 1014 2293 antiquioribus
1025 2241 1121 2283 aurum
1135 2243 1197 2284 mu·
1245 2224 1369 2280 nitentiae
1380 2226 1514 2290 amietos,
1537 2226 1606 2280 duas
1633 2223 1720 2281 olivas
1743 2225 1864 2280 eoelestis
1881 2223 2038 2279 clementie

405 2326 492 2374 tatium
517 2327 588 2382 erat,
620 2318 696 2373 color
721 2318 843 2389 optimus
864 2319 995 2389 perierat,
1011 2318 1115 2389 lapidos
1130 2335 1196 2377 san·
1245 2319 1352 2389 duoque
1363 2315 1632 2373 candelabradiuinu
1641 2315 1746 2385 gratiae.
1762 2314 1802 2394 lta
1815 2328 1845 2369 se
1861 2314 1890 2370 ln
1908 2315 2037 2370 omnibus

406 2410 503 2467 ctunrii
519 2410 649 2481 dispersi,
668 2411 695 2465 in
712 2410 804 2482 capite
834 2412 956 2467 omnium
983 2412 1135 2484 platearum
1152 2414 1196 2483 ja·
1244 2408 1377 2471 cruciant,
1394 2408 1430 2462 ita
1447 2406 1532 2461 uerbo
1548 2403 1612 2470 fratri
1626 2404 1755 2459 mundum
1775 2403 1918 2473 inrigant,-
1931 2405 1969 2460 ita
1985 2419 2038 2461 nto·

406 2503 514 2558 cebant.
536 2502 673 2558 Mundana
709 2518 826 2573 namque
850 2502 935 2574 gloria
950 2519 1017 2576 opus
1042 2515 1071 2561 ct
1092 2507 1195 2562 diuitiae
1245 2500 1358 2556 sitorum
1374 2498 1434 2554 lucc
1444 2498 1608 2553 illuminant.
1625 2497 1685 2563 leti,
1698 2497 1752 2554 ueo
1766 2508 1938 2566 cooperate
1949 2507 1978 2554 ct
1988 2499 2037 2567 plis

405 2595 512 2651 animos
535 2596 677 2664 utriusque
695 2594 801 2650 ordinis
816 2596 896 2666 quasi
912 2597 1009 2652 veneni
1028 2598 1106 2653 tabes
1125 2597 1195 2653 infe·
1245 2592 1372 2648 omnibus
1401 2588 1572 2658 iuvantibus.
1601 2589 1669 2645 adeo
1691 2590 1748 2661 jam
1775 2590 1979 2661 profecerunt,
2009 2602 2037 2649 ιι

404 2693 535 2751 corruet
563 2696 674 2743 ventosa
688 2688 801 2745 ambitio
827 2697 856 2745 et
876 2698 996 2745 ustulans
1009 2691 1124 2747 auaritia
1145 2691 1195 2749 lnos
1245 2684 1434 2742 cisterciensis
1448 2687 1557 2757 quidem
1574 2701 1623 2757 per
1637 2686 1708 2741 istud
1724 2673 1854 2755 temporis
1868 2684 2050 2742 tricennium,

404 2778 474 2833 duos
487 2777 599 2835 ordines
623 2777 726 2835 Latinae
755 2776 897 2849 scelesta,
930 2782 1013 2837 rebus
1034 2782 1129 2838 divitis
1146 2784 1194 2840 sed
1244 2776 1334 2848 ”jann
1361 2777 1389 2832 in
1405 2780 1594 2850 septingentas
1618 2785 1647 2834 el
1674 2792 1708 2834 ²0
1735 2778 1854 2847 amulius
1870 2776 1892 2810 ”
1909 2779 2035 2835 ebbella

403 2868 552 2925 sternutus
567 2871 706 2940 pannpens,
723 2871 825 2941 dnnpuct
851 2874 948 2929 norbo
977 2876 1114 2931 vexabat:
1130 2891 1192 2933 cun
1222 2868 1335 2940 >magni
1363 2870 1482 2926 nonnula
1509 2870 1598 2925 ueriti
1617 2880 1647 2926 et
1670 2870 1779 2926 numeri
1802 2872 1961 2926 accreverit
1975 2872 2037 2928 ⁸'et

404 2959 556 3028 orcaJuxta
576 2958 747 3016 Ezechielem
762 2962 832 3031 (cap.
849 2962 869 3033 ι)
892 2963 919 3018 in
949 2964 1004 3020 isto
1022 2976 1194 3023 routouanae
1229 2961 1332 3033 'nsque
1347 2962 1374 3017 ln
1396 2963 1531 3022 barbaros
1551 2961 1693 3020 Sarmatas
1711 2973 1737 3021 et
1751 2974 1891 3022 extremos
1920 2963 2038 3039 Scythas

404 3049 561 3107 ambitionis
576 3059 603 3106 et
613 3052 677 3123 igne
687 3054 914 3111 excandescentis
929 3055 1052 3111 avaritie
1073 3072 1105 3113 ac
1120 3071 1194 3114 caeca
1241 3055 1299 3127 iam
1311 3055 1423 3111 didnndl
1435 3054 1552 3127 coeperit
1569 3055 1609 3123 ⁸⁹,
1634 3056 1862 3112 Praemonstratus
1873 3065 1967 3112 autent
1989 3072 2037 3128 per

404 3143 476 3196 nnrbe
487 3141 667 3208 infidelitatis,
685 3138 890 3204 venientibusa
911 3144 1011 3218 frigido
1024 3148 1151 3222 aquilone
1166 3158 1195 3206 et
1245 3148 1296 3203 hos
1307 3147 1400 3219 rigiuti
1414 3164 1501 3207 annuos
1519 3151 1546 3206 iu
1562 3148 1685 3205 abbatias
1698 3162 1768 3220 pene
1779 3150 1952 3219 septuaginta
1969 3143 2041 3204 aulo-⁴

403 3233 496 3291 sunnia
523 3234 734 3304 involventibus,
757 3237 888 3306 splendor
913 3238 1013 3295 divine
1034 3240 1193 3310 pletatisde
1244 3238 1351 3297 leterii·
1376 3240 1475 3299 Noster
1499 3242 1644 3312 episcopus
1675 3242 1725 3299 llos
1756 3239 1978 3297 embessordiues
2008 3241 2036 3295 ln

405 3327 494 3383 untedio
506 3326 606 3390 illuxit,
618 3336 646 3382 et
658 3327 704 3383 ilfa
719 3338 840 3397 quatuor
860 3329 984 3386 coelestis
1003 3333 1121 3389 numinis
1133 3336 1228 3417 ani-c
1244 3331 1302 3387 suis
1316 3333 1430 3402 recepit,
1460 3332 1580 3389 inseruit
1599 3345 1628 3391 et
1640 3333 1723 3401 lusit,
1738 3334 1808 3390 adeo
1833 3325 1864 3388 u't
1879 3333 2037 3389 rectoribus

405 3417 486 3471 naualia
503 3416 641 3471 demedio
658 3417 814 3486 splendoris
831 3420 1003 3475 emicuerunt
1022 3420 1057 3487 ⁸⁸,
1072 3439 1104 3479 ac
1117 3427 1193 3494 pedi.
1244 3420 1448 3478 f‘raentonstratl
1464 3423 1570 3480 ordinis
1584 3432 1688 3479 terram
1716 3424 1749 3479 ad
1775 3432 1831 3479 tres
1845 3423 1975 3480 abbatias
1993 3424 2036 3479 fa·

357 3493 359 3497 Α
403 3506 454 3563 bus
468 3506 550 3563 rectis
571 3506 724 3563 incedentia
737 3507 902 3567 lubricantes
916 3512 998 3580 peries
1012 3514 1193 3574 ecclesiastici
1243 3510 1390 3568 bricafulls
1419 3514 1570 3571 liberaliter
1609 3509 1763 3579 tradiderit.
1803 3514 1927 3582 foifllffl
1966 3517 2036 3572 ‘¹⁰¹³

403 3605 491 3654 status
506 3608 696 3655 correxerunt.
707 3598 830 3655 Primum
858 3602 931 3658 eninr
954 3615 1050 3661 sancta
1067 3606 1191 3664 ltonnatra
1241 3597 1389 3660 auideanit
1415 3605 1556 3678 Philippus
1585 3608 1750 3664 venerabilis
1775 3608 1880 3673 elthei·
1910 3611 2034 3678 defluent

403 3692 518 3748 ecclesia
534 3707 660 3763 persnas
674 3693 838 3762 apostolicos
852 3696 1012 3767 drogonum
1032 3698 1089 3766 ιἰ),
1103 3700 1193 3757 urba.
1242 3709 1303 3763 quas
1322 3696 1490 3754 liclia-vallis
1510 3699 1678 3771 (illdicitur
1702 3700 1729 3755 lu
1748 3698 1818 3755 saltu
1836 3699 1937 3756 lluellii
1963 3704 2035 3775 (30),

402 3800 467 3839 ursum
489 3793 517 3840 et
545 3784 704 3841 Pasclralem
730 3786 910 3844 simoniacam
936 3791 1079 3847 avaritiam
1100 3793 1191 3863 gladio
1242 3787 1357 3841 illeftm
1389 3803 1469 3845 secus
1498 3788 1837 3846 badonis-castrumtuea
1863 3791 1911 3861 qui
1936 3792 2034 3849 Latine

402 3876 476 3956 beati
489 3879 562 3935 Pctri
578 3888 674 3934 contra
689 3894 765 3935 arma
788 3883 896 3937 causaris
914 3884 948 3939 ub
963 3885 1078 3941 ecclesia
1094 3899 1191 3945 sancta
1242 3881 1345 3950 piscine
1357 3871 1412 3936 sed¹
1424 3881 1504 3954 vulgo
1523 3893 1635 3939 vocatur
1649 3884 1780 3940 Staucbia
1811 3886 1882 3959 (51).
1909 3887 2033 3943 Tcrfam

401 3975 431 4021 ut
445 3966 588 4037 profanant
603 3969 766 4037 eliminavit,
780 3973 913 4038 conscidit,
938 3974 983 4029 diu
1002 3977 1189 4036 obluctantem
1240 3971 1264 4003 ⁸·
1278 3970 1426 4029 llefbeflssss
1455 3977 1589 4031 heremita
1611 3977 1689 4048 ituit
1712 3978 1904 4036 ΑιῦιΜίΙΙδιιι
1919 3983 1978 4054 (δῖ)
2004 3982 2031 4038 lu

401 4056 744 4128 tlemumnnagnisniribus
759 4062 938 4127 exatnirnatit.
961 4066 1029 4121 utin
1044 4066 1191 4146 hocappa·
1245 4065 1316 4119 telle
1340 4064 1450 4122 Genesll
1478 4068 1534 4142 (33)
1563 4072 1694 4128 extruxit.
1720 4072 1887 4128 Eustacfrius
1910 4089 2031 4144 quotue·

401 4152 461 4200 reat
472 4146 551 4215 iuxta
567 4148 759 4220 apocalypsim
777 4152 847 4219 (cap.
865 4152 914 4221 ιι),
933 4152 1067 4212 iohannis
1088 4160 1189 4219 anirum
1240 4155 1282 4208 nir
1310 4157 1548 4215 reverentissimus
1558 4170 1586 4216 ct
1597 4160 1754 4219 lionasterii
1772 4165 1799 4218 in
1813 4162 1947 4235 Arpouna
1974 4165 2031 4236 fid)

399 4238 516 4307 primurn
530 4239 619 4293 siruile
636 4240 718 4295 leoni.
744 4240 845 4298 [leirnlc
870 4243 1055 4304 cartusiensis
1073 4249 1118 4305 illa
1144 4270 1188 4309 rc·
1240 4246 1359 4316 “effluite
1382 4245 1538 4306 Casiri-¹⁰25
1550 4251 1608 4322 (55)
1627 4253 1742 4309 diturum
1757 4251 1949 4311 cenobiorum
1965 4256 2031 4312 ²³1·

394 4325 474 4397 ligio,
489 4330 589 4384 nnumlo
613 4327 636 4360 ⁸⁸
650 4330 782 4386 finetenus
795 4331 927 4399 inaudita,
954 4336 988 4390 tle
1012 4339 1188 4398 sanctissima
1240 4337 1336 4393 ficator
1363 4349 1391 4395 et
1419 4350 1518 4411 pater,
1558 4344 1698 4401 abbatiam
1731 4360 1767 4401 ex
1797 4346 1879 4415 dono,
1905 4349 2030 4418 presulis
2057 4389 2060 4394 ,

303 4503 308 4509 .
398 4418 472 4473 scola
498 4421 716 4477 reverentissimi
745 4422 882 4481 lirunonis
903 4429 1060 4498 prooessit,
1088 4433 1134 4500 qui
1160 4434 1186 4489 in
1238 4433 1360 4490 fundarit
1384 4435 1410 4490 in
1435 4436 1523 4492 insula
1548 4427 1629 4510 supr‘n
1653 4440 1826 4514 dominil-id)
1849 4442 1977 4512 flurium,
2001 4447 2028 4502 iu

398 4524 481 4565 carne
505 4520 581 4568 extra
595 4528 705 4570 cartroro
738 4514 847 4573 insolito
861 4518 1025 4576 mortalibus
1049 4538 1127 4581 more
1150 4525 1189 4580 vi·
1239 4525 1330 4582 alodio
1345 4529 1493 4598 episcopali
1511 4532 1616 4587 reddito
1628 4534 1663 4590 ab
1676 4532 1781 4600 Utrico.
1796 4521 1883 4594 fratrc
1896 4537 2029 4595 Guidonis

397 4598 495 4667 vendo,
509 4601 618 4669 angelos
631 4602 658 4656 lu
677 4611 762 4668 terra,
780 4605 894 4661 Paulum
909 4609 1065 4677 apostolum
1087 4614 1115 4669 in
1139 4629 1188 4684 pa·
1239 4617 1439 4686 archidiaconi,
1455 4621 1554 4693 dequo
1569 4624 1652 4679 multa
1668 4626 1764 4693 retuli;
1781 4628 1827 4698 ubi
1841 4644 1912 4685 nunc
1923 4630 2027 4686 electus

326 4744 331 4754 .
398 4689 499 4754 mulso,
510 4687 662 4746 J⁰¹¹³¹¹¹¹0¹¹¹
674 4691 820 4761 ¹¹²flll⁸ll¹¹¹
838 4702 865 4750 et
889 4695 1003 4754 Paulum
1018 4700 1185 4759 llereuaitam
1200 4691 1224 4748 ⁰
1239 4707 1325 4765 abbas
1338 4710 1372 4765 do
1386 4712 1483 4770 ordino
1497 4718 1585 4772 sancti
1600 4720 1744 4789 Augoustiui
1759 4737 1823 4777 cuna
1836 4734 1896 4778 octo
1907 4723 2024 4778 anoni·

313 4801 318 4811 '
397 4778 424 4832 ⁵¹¹
443 4780 552 4835 (ΜΝ)
561 4782 639 4838 ’1οὺῙῦ
652 4782 732 4839 ¹¹⁰f¹¹0
747 4796 936 4855 ffllaesessfut.
952 4799 982 4846 ut
996 4793 1094 4849 merito
1113 4795 1185 4852 banc
1239 4802 1279 4858 cis
1301 4801 1391 4859 locunt
1406 4805 1441 4862 ad
1463 4807 1565 4879 rnaiora
1580 4812 1716 4882 prorelnit.
1735 4812 2028 4873 aerumnosarum

395 4870 556 4939 religionem
587 4871 681 4930 florem
705 4877 800 4931 mundi
827 4880 1007 4945 troruines,ut
1025 4885 1096 4942 banc
1123 4904 1184 4945 esse
1237 4894 1290 4950 sub
1312 4895 1499 4956 fabrefactura
1517 4907 1628 4974 positae,
1645 4907 1747 4963 cotidie
1767 4911 1892 4965 rebuset
1908 4925 2028 4971 numero

395 4962 497 5020 anlunal
508 4963 596 5019 simile
606 4966 704 5036 aornilae
715 4969 741 5023 fu
760 4967 860 5026 coelum
873 4970 974 5028 uoluenti
985 4973 1047 5042 jure
1062 4991 1184 5048 pronun·
1236 4999 1379 5045 serrorum
1395 4990 1444 5048 [tei
1454 5007 1626 5054 accrescunt.
1643 4998 1811 5058 sumtuum
1825 5017 1936 5073 ottoque
1951 5003 2030 5060 lero·

1032 5178 1150 5237 vuulAE
1169 5181 1370 5244 uucutoltus.

429 5328 751 5399 ⁸¹e1r.bt'rscrt'ptuntl.
790 5331 1028 5391 ''emicucrlulh
1067 5338 1244 5399 '‘mundal.
1279 5344 1528 5417 ¹·respitientiat.
1584 5338 1830 5418 “trienniumed
1890 5364 2028 5423 ''deltoc

391 5400 473 5526 aaliz
475 5399 547 5525 ΘιιιῖἸιὶ
567 5416 600 5456 en
614 5402 811 5458 codiocl.uon
831 5416 931 5461 carnotus
941 5423 951 5475 ,·
973 5406 1106 5465 ducentas
1117 5412 1230 5470 circiter
1241 5416 1284 5471 eti.
1337 5418 1584 5482 ’‘accreveriutl.
1639 5431 1787 5502 ”cepitl.
1839 5432 2026 5495 ‘'Tertiusl.

1155 5617 1271 5677 NOTAE.

424 5739 482 5809 (ιθ)
494 5737 585 5795 Beleni
600 5740 627 5796 iu
640 5741 752 5796 ‹lioecesl
766 5742 908 5803 Remensl.
1025 5825 1029 5834 ¹
1267 5757 1323 5896 W
1338 5756 1487 5817 denotemus
1496 5768 1633 5833 prorfrede
1649 5756 1863 5826 Heliou-clitel.
1878 5770 1969 5830 Ceu.

423 5810 479 5880 (50)
492 5803 629 5865 [intellecto
643 5810 757 5882 ueuilly.
770 5814 856 5872 Catu.

422 5881 480 5951 (st)
494 5870 654 5938 udtnnnne.
1278 5896 1323 5963 35)
1334 5899 1477 5959 Cicatrices.

1278 5826 1324 5893 5))
1341 5828 1492 5888 ddotttr'ereu
1507 5837 1640 5907 Arponue.

421 5951 478 6022 (obj
492 5951 626 6008 Arc-offic.
743 5961 744 5965 ’
797 6020 798 6024 ¹
1042 5963 1046 5968 '
1256 5898 1323 6039 ³236)
1341 5968 1410 6025 atr!
