4584 6767
391 618 444 677 cst
511 577 516 586 ⁹
1012 619 1202 679 munuum
1221 620 1264 676 ue
1283 619 1408 678 ascuto
1522 643 1525 648 ·
1598 629 1601 638 ·
1960 620 2033 679 sss·

393 730 512 808 niediam
535 729 631 786 urbem
655 737 814 799 transeunt,
836 729 871 787 ad
900 729 1099 789 Pauli-crucem
1122 732 1287 804 (dolatur,
1311 732 1466 806 Rayrtaldns
1493 740 1582 787 umen
1610 733 1721 803 grauius
1746 734 1822 791 solus
1855 748 1870 788 a
1909 723 2019 793 duobars

381 821 470 876 'strant
486 818 582 876 cellam
597 820 735 887 eradunt,
751 828 807 877 tota
832 822 903 878 urbe
924 832 986 893 post
1009 839 1057 879 eus
1072 823 1178 879 lamen·
1230 824 1385 893 urgebatur.
1407 821 1500 878 Primo
1516 822 1617 893 impetu
1629 822 1694 881 hetti
1712 824 1804 880 amisit
1816 825 1906 878 vicum
1920 823 2017 880 Satrcti

393 921 472 967 tante
496 918 525 966 et
541 910 763 981 dampnationem
780 912 911 969 lliebardi
933 915 1096 980 detestante.
1119 915 1179 985 ipso
1228 912 1368 970 llicbaelis
1389 913 1446 985 (91)
1471 925 1499 971 et
1526 926 1646 971 castrum
1680 915 1913 973 inconsonum
1936 930 2020 971 erer-

238 1031 267 1077 ·.
324 1047 328 1056 ,
389 1016 501 1075 ortoque
518 1002 658 1086 Richards
678 1005 800 1075 grauiter
821 1006 940 1065 dolente.
958 1006 1026 1063 Nam
1048 1008 1176 1074 traditur,
1228 1020 1298 1062 sum.
1315 1006 1416 1062 Deinde
1431 1007 1723 1064 cotidiano'armorum
1736 1006 1853 1077 impulsu
1868 1016 1942 1063 totus
1955 1008 2017 1075 eius

389 1095 455 1168 quia
483 1109 501 1150 a
531 1095 694 1165 quibusdam
724 1095 887 1154 clericorum
914 1098 955 1154 vel
981 1086 1177 1155 monachorum
1228 1097 1332 1168 patrius
1359 1098 1503 1153 comitatus
1526 1098 1597 1153 sedit
1615 1098 1642 1153 in
1670 1098 1749 1152 ruina
1780 1108 1879 1167 praetcr
1902 1099 2017 1155 castella

387 1185 471 1244 etiam
488 1185 584 1242 nolens
601 1184 792 1257 impellebatur
812 1188 840 1243 in
855 1202 914 1256 eos,
934 1188 1095 1260 intergens
1118 1204 1177 1245 rna·
1227 1197 1328 1260 etrara
1340 1185 1399 1242 loca
1412 1195 1549 1242 naturast
1562 1186 1756 1257 arteririsque
1771 1188 1886 1242 munita.
1898 1187 1939 1241 ttd
1953 1189 2015 1243 lure

390 1277 463 1333 xime
477 1285 586 1333 notatur
600 1276 787 1333 Theodericus
797 1279 979 1347 primicerius.
991 1280 1029 1337 lie
1044 1292 1098 1351 ouo
1110 1282 1177 1353 quid
1227 1292 1335 1350 qnoque
1347 1269 1526 1349 expugnanda
1540 1277 1733 1347 imperatorem
1747 1275 1901 1334 llicbardus
1916 1293 2019 1334 eruca·

389 1381 558 1432 memorent,
573 1365 703 1436 qualiter,
721 1366 830 1424 clericis
855 1368 967 1439 iugatis,
989 1369 1115 1426 dumibus
1128 1384 1176 1427 eo·
1227 1372 1275 1426 tit.
1296 1369 1359 1436 Qui,
1374 1379 1448 1425 moto
1469 1366 1783 1438 exereitu.liayualdum
1804 1369 1876 1424 intra
1899 1367 2017 1424 barrum

388 1476 449 1515 rum
464 1458 586 1516 cliractis
599 1460 632 1525 ⁸⁹.
652 1461 868 1533 primiceriatum
884 1462 1029 1529 intruserit,
1046 1471 1075 1518 ut
1099 1444 1174 1520 illurn
1226 1459 1341 1526 obsedit,
1361 1468 1389 1516 et
1403 1468 1493 1515 castro
1510 1459 1599 1529 diruto
1611 1474 1673 1515 eunt
1687 1469 1797 1531 captum
1811 1458 1925 1515 abduxit
1937 1461 2009 1532 (95).

303 1602 306 1607 .
333 1543 342 1557 '
388 1554 519 1611 canonica
533 1568 648 1610 censura
664 1555 706 1611 bis
722 1553 847 1610 amiserit
861 1555 1025 1611 et‘eaesarea
1047 1555 1174 1611 violentia
1226 1551 1339 1608 benun
1355 1550 1599 1609 interuenientibus
1616 1566 1667 1622 pro
1680 1565 1714 1606 eo
1733 1550 1767 1606 de
1786 1548 1945 1614 tutoresne
1965 1569 2018 1609 no-

390 1648 568 1713 reiuraserit‚
581 1646 1068 1718 quomodoarunculosuoepiseupo
1085 1646 1176 1705 Theo·
1225 1641 1366 1699 bilissimis
1385 1643 1605 1714 consanguineis,
1632 1644 1757 1701 custodia
1776 1644 1858 1699 solvit
1871 1658 1934 1699 cum
1956 1658 2017 1699 orn·

387 1738 482 1795 deriso
498 1738 525 1793 iu
543 1738 676 1795 extremis
690 1738 792 1810 agenti,
809 1751 843 1792 ne
857 1735 1000 1794 catholice
1014 1739 1115 1795 unitati
1129 1753 1174 1795 ree
1225 1732 1305 1789 nibus
1326 1733 1395 1799 wib
1415 1742 1446 1789 lli
1467 1734 1519 1789 sibi
1540 1743 1687 1805 &emittm
1701 1736 1735 1790 ²¹¹
1749 1734 1859 1806 probris
1888 1734 2010 1802 remisit,

387 1829 601 1894 ccrrciliaretur.
615 1844 707 1885 coram
726 1827 891 1884 llerimanno
904 1828 927 1859 ⁷⁸
942 1826 1102 1884 lietcusium
1116 1829 1174 1898 cpi·
1226 1826 1412 1881 tantummodo
1424 1824 1573 1881 hominium
1586 1825 1639 1881 sibi
1654 1827 1689 1882 ab
1700 1841 1734 1881 ec
1746 1828 1878 1898 suscepit.
1892 1827 2017 1884 tlichan-

386 1933 468 1986 seopo
482 1918 666 1984 interdixerit,
682 1918 769 1989 qualia
783 1918 883 1976 cesari
899 1918 961 1973 iude
971 1920 1133 1989 scripserit?
1224 1916 1276 1972 dus
1287 1924 1378 1971 autem
1394 1916 1489 1971 ridens
1512 1906 1604 1973 omnia
1625 1918 1777 1982 contraria,
1792 1918 1943 1976 Romanam
1968 1936 2018 1978 ec·

419 2010 465 2064 et.
483 2008 644 2066 bauderrtius
658 2010 743 2066 abbas
760 2008 859 2064 iratres
872 2008 1009 2076 thspershs
1024 2011 1169 2080 colligens,
1223 2006 1333 2062 clesiam
1346 2007 1490 2073 intensam,
1502 2010 1842 2080 caesaremparumhdum.
1856 2012 1957 2082 quippe
1966 2016 2012 2083 gari

384 2102 527 2170 oportunis
547 2101 624 2157 cellis
655 2103 778 2156 seniores
800 2099 961 2167 collocavit,⁴
968 2100 1092 2168 iuniores
1107 2117 1172 2158 reru
1223 2099 1411 2169 grauissimum
1425 2098 1476 2155 sibi
1491 2099 1597 2154 bostem
1621 2115 1740 2156 carcere·
1759 2100 1896 2168 solvisset,
1922 2105 2018 2171 ipsum
2080 2158 2082 2162 Α

385 2188 568 2261 Bnrgmrdiam
584 2191 670 2255 misit,
685 2190 729 2246 ubi
749 2206 764 2243 a
785 2188 941 2245 reiterando
961 2190 1061 2247 abbate
1081 2192 1173 2248 Divio-
1222 2191 1391 2265 llaynal‘dum
1406 2201 1501 2248 contra
1528 2206 1559 2249 se
1582 2207 1651 2247 nova
1678 2193 1779 2258 moliri,
1801 2209 1831 2250 se
1846 2194 1870 2228 ⁸⁰
1886 2194 1943 2265 jam
1963 2210 2015 2264 per

385 2282 477 2337 utensis
494 2282 616 2338 ecclesias
630 2280 786 2338 Gerontone
806 2279 983 2352 affectuosius
1010 2298 1092 2353 quarn
1116 2282 1171 2337 dici
1222 2296 1325 2353 septem
1340 2301 1425 2342 anttcs
1446 2287 1507 2343 sine
1533 2287 1724 2343 benedictione
1746 2287 1895 2357 episcopali
1918 2297 1945 2342 ct
1960 2292 2015 2345 sub

385 2371 470 2441 possit
489 2382 600 2443 propter
621 2373 821 2429 fraternitatem
838 2372 914 2443 prius
930 2374 1023 2429 initam
1042 2382 1106 2428 sunt
1128 2388 1173 2430 re·
1222 2377 1394 2432 anathemate
1408 2377 1562 2446 apostoticae
1572 2378 1645 2433 sedis
1654 2378 1763 2448 degere,
1779 2380 1872 2434 atriano
1892 2381 2013 2444 excidit.

215 2480 217 2487 ·
325 2490 327 2494 ⁴
383 2465 498 2534 ceptict
523 2465 746 2535 peritissimum,
769 2465 1171 2538 qttoliicbardussupervixit,
1222 2468 1406 2536 versabatque
1420 2466 1580 2534 consilium,
1596 2475 1625 2522 ut
1643 2483 1673 2523 se
1686 2469 1803 2538 eriperet
1820 2478 1859 2524 tut
1872 2470 1959 2525 malis.
1979 2471 2014 2526 Et

385 2564 451 2610 sum
465 2555 565 2610 ibidem
577 2557 750 2611 commorati.
762 2556 824 2628 lpse
836 2556 951 2612 ecclesia
967 2571 996 2611 ec
1005 2555 1031 2611 in
1046 2558 1172 2613 ominibus
1221 2556 1333 2614 collecta
1346 2558 1430 2613 tstulta
1446 2558 1574 2628 pecunia,
1585 2558 1835 2615 ierosolimitanum
1857 2560 1911 2615 iter
1924 2564 2012 2628 norit,

383 2663 432 2719 per
447 2662 495 2703 eos
508 2647 656 2716 proiecisse
671 2657 786 2704 testatur
798 2658 825 2705 et
836 2649 947 2705 latetur
960 2649 1028 2722 (bl).
1220 2657 1248 2707 et
1259 2650 1393 2721 imprimis
1402 2650 1582 2706 Laurentium
1595 2652 1727 2707 abbatem
1738 2652 1764 2707 in
1781 2652 1862 2722 pleno
1878 2651 2011 2708 nobilium

411 2740 467 2797 222.
491 2740 579 2796 Tanta
593 2741 618 2813 ’ξ
642 2744 788 2798 commotio
799 2742 850 2798 sub
868 2743 1006 2800 hienardo
1025 2745 1052 2800 in
1071 2743 1172 2802 llirdu·
1221 2751 1354 2798 conventu
1368 2743 1402 2797 ad
1419 2741 1597 2825 apostolicam
1611 2742 1775 2799 audientiam
1791 2753 1920 2814 tanquam
1935 2743 1963 2798 iu
1980 2759 2022 2805 se,

381 2834 458 2889 uersi
469 2834 763 2903 ecclcsiasurreterat;
776 2835 823 2892 sed
831 2851 881 2893 uec
892 2836 983 2893 minor
994 2838 1045 2909 ipsi
1061 2840 1171 2896 territo·
1222 2848 1297 2889 teum
1311 2833 1448 2922 inritant,
1466 2832 1712 2903 invitationemque
1734 2831 1804 2901 eius.
1828 2831 1900 2903 quud
1924 2833 1958 2888 ab
1974 2849 2009 2889 eu

382 2921 775 2980 riuinerat.Cuusabeliorum
793 2926 1171 2997 abluitioprincipntuscius
1220 2925 1383 2994 exspoliatus
1407 2924 1435 2960 ¹¹·
1453 2935 1590 2997 stunptum
1617 2924 1699 2981 eundi
1731 2940 1785 2979 nou
1811 2924 1936 2990 baberet,
1963 2941 2009 2982 re·

381 3014 1060 3085 taliserat.licuriucsciusdecastrobeuslunart
1076 3020 1170 3092 '⁸(92)
1220 3018 1325 3082 nuenti.
1338 3014 1490 3074 necessaria
1507 3016 1612 3073 itineris
1624 3017 1648 3072 ei
1664 3018 1831 3087 repromisit,
1841 3034 1902 3089 otte
1919 3029 2009 3075 tatum
2045 3080 2048 3083 g

379 3105 466 3164 sltem
478 3105 624 3164 lietensem
636 3115 773 3178 ceperant.
787 3108 943 3175 Quentdum
958 3109 1166 3168 uittctumtene·
1220 3108 1293 3165 ituro
1306 3124 1367 3165 mos
1382 3110 1473 3166 omnia
1486 3110 1640 3181 dertegauit.
1663 3110 1722 3181 lpse
1745 3119 1837 3167 autem
1856 3112 1970 3169 subinde
1991 3129 2009 3167 a

379 3206 452 3267 rent,
465 3198 595 3272 indignati
612 3200 745 3258 bletcnses
763 3203 851 3272 ipsum
869 3210 988 3268 castrum
1007 3202 1171 3260 obsederunt
1219 3196 1378 3266 laturebfib
1393 3208 1422 3255 ¹¹2
1438 3200 1525 3271 Ιθὸἱῑθ
1544 3210 1572 3256 et
1588 3201 1723 3259 blondello
1746 3217 1797 3258 διο
1817 3203 1877 3258 lice
1898 3218 1947 3258 ⁶⁰³
1965 3219 2011 3259 te-

304 3298 307 3302 ’
379 3298 407 3345 et
431 3300 539 3360 captum
561 3292 711 3348 diruerant.
737 3291 814 3360 Quod
843 3301 987 3362 postquam
1013 3292 1170 3351 llicbardus
1220 3290 1381 3360 sponderet,
1401 3292 1656 3362 anteapostolienm
1672 3292 1813 3361 inuitatus,
1827 3309 1888 3349 rum
1906 3295 2014 3364 ingenti

378 3385 564 3453 reatinum,
596 3387 724 3444 comitem
756 3385 831 3443 urbis
862 3385 1046 3458 Raynaldum,
1076 3370 1496 3465 illiumcpompajcomitatus
1521 3384 1661 3455 Erigonem
1683 3377 1897 3443 Trecanensium
1923 3389 2011 3443 eomi-

379 3478 549 3543 'lbeoderich
570 3479 642 3549 quand
658 3477 892 3551 castrocpischpii
908 3493 962 3534 non
984 3481 1166 3538 succurrisset
1219 3490 1285 3546 torn,
1305 3491 1369 3536 tuuc
1391 3480 1418 3534 iu
1429 3477 1618 3534 ierosolimam
1639 3480 1734 3535 morit.
1760 3479 1865 3533 ltaliam
1884 3482 2009 3544 veniens,

378 3571 415 3627 ab
432 3572 510 3627 hoste
530 3577 699 3638 muneratus,
720 3571 747 3625 in
769 3569 814 3639 jus
832 3571 951 3626 vocavit.
971 3570 1022 3639 Qui
1044 3587 1107 3629 eutu
1129 3574 1167 3632 ad
1217 3572 1360 3645 'lgberiam
1372 3572 1428 3644 (96)
1442 3587 1497 3643 uuo
1512 3572 1536 3604 aa
1548 3586 1644 3642 papam
1654 3587 1714 3627 esse
1729 3570 1864 3634 audierat,
1885 3582 1915 3627 ut
1927 3575 1962 3629 ab
1974 3590 2012 3629 co

370 3663 549 3725 audientiam
562 3679 617 3720 non
633 3663 773 3729 vertisset
785 3662 955 3730 ‘bichardus
978 3661 1093 3719 collecto
1116 3679 1166 3719 no·
1217 3664 1322 3720 tertiam
1337 3673 1450 3734 peteret,
1463 3663 1589 3730 divertit,
1611 3672 1640 3719 et
1659 3664 1766 3720 curretis
1787 3664 1870 3719 sociis
1885 3664 1919 3719 ad
1941 3678 2009 3722 eum

375 3758 472 3818 blitum
488 3738 636 3823 conuentu,
657 3757 683 3812 ei
700 3756 860 3811 contutatum
887 3756 962 3811 urbis
986 3756 1163 3827 adjudicant.
1219 3758 1253 3840 de
1265 3771 1341 3812 more
1351 3759 1558 3830 peregrinorum
1585 3757 1723 3822 admissis,
1743 3758 1801 3827 ipse
1815 3757 1890 3814 solus
1906 3757 1932 3812 in
1949 3773 2009 3811 mc·

377 3850 526 3909 Guillermc
542 3850 569 3921 ,⁷³
599 3847 849 3918 Lucebutgcnstum
864 3847 888 3879 '⁸
905 3848 1009 3913 comiti,
1029 3848 1093 3925 quia
1110 3848 1167 3905 ior·
1219 3848 1265 3904 diu
1289 3834 1430 3902 lntohme
1446 3847 1551 3915 platee,
1576 3856 1639 3903 ante
1658 3857 1834 3918 cotrspcctum
1860 3849 2008 3919 apostolici

379 3939 433 3999 ti'cr
458 3942 520 3995 aliis
544 3939 698 4005 videbatur,
724 3954 786 3994 eum
814 3938 936 3995 tradidit.
961 3936 1114 3993 christiam
1138 3939 1165 3994 iu
1218 3954 1268 4011 per
1281 3939 1416 3996 ieuestras
1427 3939 1451 3972 ⁸⁸
1465 3938 1559 3995 solarii
1572 3939 1742 4008 aspicientis,
1770 3946 1874 3996 stratus
1901 3941 1928 3994 in
1951 3949 2006 3997 ter·

376 4031 465 4106 peseto
479 4031 570 4089 bellici
585 4030 713 4100 stipendii
730 4045 778 4100 pro
795 4029 919 4085 ducentis
934 4027 1012 4086 libris
1023 4030 1165 4087 ldusacunr
1220 4044 1279 4087 ram
1291 4044 1393 4101 pronus
1405 4029 1429 4063 ⁸⁸
1443 4030 1558 4096 corruit,
1570 4028 1697 4085 debiliter
1716 4030 1882 4086 exclamarit
1900 4048 1907 4085 :
1922 4031 2006 4086 idise-

376 4122 597 4180 etSathanacum
610 4124 634 4155 '⁸
647 4124 836 4199 oppignerauit
851 4123 886 4190 ²⁸,
902 4124 1103 4193 parvipendens
1116 4140 1165 4181 ex·
1219 4138 1276 4177 rere
1291 4123 1353 4187 mei,
1374 4122 1496 4179 mirerere
1508 4121 1569 4188 mel,
1583 4122 1628 4191 pia
1642 4122 1736 4191 poter!
1757 4123 1836 4178 dixit.
1860 4123 2004 4179 Paschalis

376 4216 649 4274 communicationem
668 4230 683 4269 a
701 4216 814 4284 praesule
826 4218 848 4250 Π
880 4214 1001 4271 lliebero
1018 4217 1166 4287 superciliis
1217 4210 1274 4281 jam
1293 4205 1326 4266 dc
1341 4211 1382 4265 tia
1396 4210 1455 4280 ejus
1468 4226 1516 4282 per
1525 4210 1682 4278 §aidonem
1695 4214 1917 4269 archidiaconum
1939 4214 1964 4247 ⁸¹
1977 4225 2007 4271 et

288 4307 291 4315 '
375 4308 509 4378 prolatam
531 4307 601 4380 (95).
624 4307 700 4364 itn⁷⁸
714 4309 766 4364 sub
784 4323 817 4363 ec
842 4307 1021 4366 virdunensis
1046 4309 1164 4365 ecclesia
1219 4302 1361 4360 ttoduttun
1374 4305 1547 4371 mortucbnm‚
1567 4303 1708 4361 baureutii
1734 4305 1843 4361 abbatis
1862 4306 2004 4374 nuntium,

376 4396 513 4480 blosacum
529 4407 556 4455 et
571 4398 754 4459 Suthanaeum
776 4416 863 4472 usque
885 4416 957 4457 nitate
970 4401 1071 4456 amisit.
1092 4400 1165 4457 Sub·
1218 4406 1319 4464 certus,
1334 4383 1423 4452 tamen
1437 4396 1474 4451 ita
1488 4395 1585 4452 ridens
1597 4411 1672 4464 eum,
1686 4384 1810 4465 indoluit,
1826 4411 1853 4453 ct
1865 4396 1953 4452 dctus
1969 4401 2003 4452 ad

375 4489 439 4546 inde
461 4489 601 4563 Raynaldo
623 4492 781 4548 comitatum
797 4493 872 4547 urbis
887 4492 939 4547 sibi
959 4491 1043 4548 artatis
1065 4490 1163 4548 deien·
1217 4487 1343 4560 pietatem
1357 4488 1564 4546 dixit:·Grutiu
1587 4492 1627 4545 tui
1649 4509 1709 4547 cras
1736 4490 1845 4545 bonrum
1867 4502 2003 4556 reuertur·‚·

377 4587 455 4642 sante
469 4590 497 4634 et
519 4579 744 4649 duillerntocum
767 4597 818 4651 npc
841 4582 970 4637 llicbnrdi
991 4582 1041 4638 sibi
1066 4582 1164 4636 ueudi·
1216 4582 1272 4635 reni
1286 4597 1397 4648 meeum,
1419 4591 1443 4637 et
1460 4584 1489 4637 in
1514 4581 1635 4638 Romana
1659 4584 1836 4639 cardinalium
1860 4584 1936 4638 curie
1955 4582 2001 4648 [u-

376 4678 467 4738 cante,
480 4671 610 4737 caedibus.
625 4670 773 4738 incendiis2
787 4672 889 4742 rupinis
904 4673 995 4729 orarttia
1011 4671 1163 4728 misceban-
1216 4673 1283 4726 eiam
1303 4676 1330 4728 in
1345 4687 1370 4731 te
1382 4675 1589 4731 naiuricordiana
1603 4675 1753 4749 flaminica
1768 4669 1997 4731 consiliatorum.

934 4952 939 4959 .
1020 4871 1137 4928 tantm
1155 4870 1356 4929 necatores.

410 5032 433 5065 '⁹
453 5015 603 5088 efractisl.
640 5032 662 5063 '⁰
681 5033 831 5086 hermanno
848 5031 871 5085 l.
908 5030 1074 5101 energiae.
1111 5032 1135 5063 '¹
1160 5031 1343 5088 desluardnl.
1382 5032 1556 5087 ”Guilermo
1576 5032 1730 5101 bellirino.
1767 5032 1790 5067 '⁸
1815 5030 1956 5097 inseburg.
1974 5030 2014 5099 1.,

375 5102 399 5135 '¹
411 5112 570 5159 satanacam
587 5101 614 5157 5.
652 5102 676 5133 '⁸
690 5101 707 5156 ὅ
719 5110 777 5171 port
788 5100 852 5156 edd.
869 5100 1055 5170 :imperatore
1070 5102 1209 5158 nesciente
1227 5100 1279 5158 lle.
1298 5111 1326 5158 et
1346 5101 1477 5159 iratribus
1487 5103 1816 5159 ecclesiaareuitentibus.
1854 5099 2002 5171 ”presule

283 5201 287 5207 ·
374 5189 445 5228 corr.
462 5175 654 5242 predecessore
667 5171 695 5228 ὅ.
723 5172 747 5204 '⁸
762 5172 803 5225 lta
815 5171 906 5227 sitibit
918 5172 1013 5225 desunt
1025 5170 1054 5225 h.
1076 5170 1100 5202 '¹
1115 5172 1169 5229 luc.
1185 5181 1228 5229 est
1244 5181 1272 5227 ct
1288 5172 1315 5227 1.
1341 5174 1365 5207 ⁸⁰
1380 5173 1402 5227 si
1418 5173 1446 5228 1.
1469 5172 1491 5204 ⁸¹
1507 5187 1570 5243 esp.
1580 5174 1607 5230 5.
1634 5173 1657 5206 ⁸¹
1673 5188 1725 5244 qua
1740 5186 1793 5249 que
1804 5172 1832 5227 5.
1860 5172 1883 5206 ⁸⁸
1893 5165 2002 5228 e'cteras

374 5243 388 5298 1
402 5242 516 5313 sortasse
531 5253 634 5299 ectetas
650 5242 789 5314 legendam
804 5251 859 5309 est‚·
876 5242 912 5311 ri.
928 5256 953 5297 e.
965 5238 1011 5296 ab.
1047 5239 1072 5273 ¹⁸
1085 5240 1158 5297 deest
1169 5241 1198 5298 t.
1234 5240 1485 5303 ”archidiaconem
1497 5243 1524 5298 ὅ.

1147 5417 1263 5477 NOTAE.

503 5594 573 5648 .c.l
598 5634 604 5646 .
1361 5598 1368 5612 '
1398 5626 1412 5639 ·
1445 5597 1516 5651 '‘i.

417 5594 464 5719 31))
477 5593 521 5717 gi.
538 5594 632 5718 hamale
646 5679 674 5719 re
688 5663 825 5719 Laurentii
839 5654 944 5722 abba'tis
960 5666 1156 5737 apologeticum
1245 5597 1304 5738 {gg}
1318 5597 1398 5724 §lardum
1413 5596 1496 5723 {mmm
1506 5667 1536 5724 S.
1553 5667 1686 5727 vincentii
1701 5667 1779 5726 liett.
1800 5685 1825 5723 a.
1845 5661 1925 5733 1111,
1943 5666 1996 5724 SS.

372 5733 442 5804 apud
492 5734 639 5802 assebourg
655 5734 675 5790 i.
691 5732 853 5791 ccttxtt.
869 5736 990 5806 Bouquct
1007 5745 1082 5793 cont.
1093 5735 1155 5803 xl,
1207 5736 1254 5804 111,
1267 5754 1293 5806 p.
1310 5737 1372 5795 158.

371 5817 400 5873 p.
415 5800 478 5857 abt.
522 5873 528 5887 .
1118 5877 1120 5882 Ι
1246 5808 1302 5881 (96)
1318 5808 1412 5865 Tibur.
1438 5810 1473 5866 ibl
1498 5808 1638 5868 Pascbalis
1662 5826 1730 5883 papa
1758 5810 1898 5869 meursibus
1925 5806 1999 5862 llario

372 5868 464 5995 ¹839?
493 5870 673 5937 bernlevum
700 5873 735 5930 dc
759 5888 815 5945 uuo
841 5874 951 5933 lococi.
979 5875 1092 5935 boussel
1124 5890 1152 5949 p.
1206 5888 1235 5934 et
1258 5878 1340 5934 lunio
1362 5879 1425 5936 aum
1457 5880 1524 5935 1111
1552 5890 1673 5939 nrorstns
1699 5891 1758 5953 est;
1784 5899 1810 5938 r.
1835 5875 1903 5939 lalic
1925 5876 1996 5948 lirg.

407 6007 463 6079 tila)
478 6010 510 6066 ll.
523 6024 604 6081 supra
616 6025 642 6068 u.
658 6009 701 6069 ts,
1207 5964 1269 6020 nau·
1286 5948 1348 6005 ibt.
