4584 6767
401 491 479 564 ee·
865 478 1565 555 biitit‘uiii'einrttntcusts'”anctumusd
1802 533 1831 562 ,-
1986 498 2030 556 tn
2072 521 2075 532 ·

399 620 499 676 sarrit.
515 613 582 669 Natu
596 612 666 684 quod
682 612 736 668 lilla
751 610 848 680 lepbte
861 610 978 668 duomm
996 612 1130 668 mensium
1145 614 1190 669 iu·
1205 630 1230 688 A
1243 609 1364 673 ditionis,
1380 619 1442 679 post
1460 611 1576 680 primam
1591 608 1844 682 prevaricationem
1861 618 1893 670 et
1912 614 2031 672 vitiosa·
2074 631 2077 650 ¹

401 708 497 766 ducias
511 705 544 762 ad
560 704 753 775 deplorandam
771 697 953 774 virginitatem
968 718 1047 760 suam
1062 705 1193 775 impetra·

400 799 442 857 rit
460 798 562 868 (ludio.
584 797 636 865 at),
650 797 724 868 varie
736 797 907 865 interpretari
933 805 1033 866 potest.
1050 795 1109 865 Quo
1119 800 1193 853 enim

401 892 494 944 animo
513 891 537 944 id
566 889 670 951 iecerit,
686 888 827 956 Scriptura
844 904 897 943 non
914 889 1042 957 loquitur.
1067 887 1146 955 Num,
1169 886 1192 944 si

401 997 485 1039 calna
510 981 657 1052 deploratae
685 979 848 1049 virginitatis
871 979 928 1035 baec
949 980 1010 1048 litit,
1027 978 1098 1047 qttod
1113 977 1194 1050 quasi

402 1073 505 1128 sterilis
532 1073 592 1127 sine
618 1071 708 1128 ltt'tetu
735 1089 787 1127 tmu
809 1084 883 1128 esset
902 1088 994 1128 semen
1017 1073 1143 1129 relictura
1165 1073 1193 1127 lu

391 1166 496 1231 israel,
512 1181 527 1219 a
543 1166 682 1235 proposito
693 1176 795 1221 sanctae
810 1165 976 1235 virginitatit
991 1166 1123 1237 longeest
1135 1165 1194 1220 itaee

403 1256 504 1310 tuentis
518 1256 655 1324 cogitatio.
682 1266 708 1309 et
726 1254 908 1326 lacrymarum
932 1253 1065 1323 prolusio.
1081 1254 1195 1307 Verunt-

404 1347 494 1402 ta'tnen
519 1348 604 1401 altum
627 1341 704 1416 desid,
730 1345 862 1415 quidquid
886 1346 951 1400 illud
965 1346 1013 1407 sit,
1036 1343 1196 1416 qttoduovit

403 1437 541 1506 inspector
565 1436 828 1506 cordis,'eogitasse
848 1435 967 1501 vitietur,
984 1418 1044 1506 quae
1061 1436 1130 1516 patri
1143 1450 1194 1491 suo

303 1541 309 1550 “
402 1532 481 1587 diter
493 1537 523 1585 t:
541 1526 622 1582 Peter
647 1529 694 1592 mi,
714 1530 738 1583 ai
753 1527 878 1595 operitieti
893 1544 922 1583 oa
942 1537 1015 1584 luunt
1036 1528 1071 1581 od
1095 1527 1193 1592 beant,

402 1625 447 1690 [ac
462 1622 525 1675 milri
545 1622 717 1691 quodcunque
732 1619 864 1688 pollicitus
887 1636 925 1685 ea,
942 1635 1065 1674 concesso
1083 1618 1130 1673 tilu'
1153 1616 1195 1670 tti-

405 1714 476 1767 tt'one
492 1722 570 1782 atque
585 1713 701 1766 vindicte
717 1716 749 1765 de
768 1711 885 1767 ltostt'bttr
908 1713 961 1765 teia
982 1713 1082 1783 (ibid).
1118 1710 1195 1767 Unde

402 1816 495 1859 aut.·m
516 1815 616 1859 nostrae
635 1804 746 1874 virgini,
759 1812 788 1857 ut
812 1803 853 1856 tel
865 1804 979 1860 credere
995 1814 1096 1874 posset,
1113 1804 1195 1871 sirpi-

403 1899 517 1952 ttltatem
539 1898 592 1950 ileo
614 1897 794 1964 placituram,
820 1910 880 1964 qnae
903 1905 958 1948 tant
976 1897 1091 1950 obutmia
1122 1905 1195 1950 esset

1244 701 1374 756 nascemli
1398 700 1494 772 tegern,
1513 701 1540 755 in
1559 701 1737 759 nascentibus
1750 702 1840 760 adime
1853 714 2030 763 reservaturo.

1243 793 1317 849 ileus
1338 792 1409 846 certitu
1441 791 1606 847 seutentiam
1628 806 1712 848 suam
1736 794 1870 851 aduersus
1899 796 2030 856 ltomltteta

1244 895 1414 955 peccatorem
1426 883 1466 938 sie
1481 884 1651 954 temperarit,
1666 894 1696 940 ut
1712 897 1809 941 uatura
1827 888 1898 946 titio
1909 904 2030 963 corrupta
2065 903 2082 955 ἰ

1244 986 1367 1046 exparte
1386 975 1486 1031 malum
1502 977 1628 1040 sentiret,
1642 979 1714 1049 quod
1736 979 1854 1043 meruit:
1871 993 1947 1038 etex
1963 994 2031 1053 parta
2065 998 2082 1050 ιι

1244 1069 1344 1124 bouum
1370 1068 1514 1131 recoleret,
1528 1069 1600 1139 quod
1626 1069 1731 1126 babuit.
1753 1070 1871 1142 Propter
1894 1068 2030 1145 peccatura
2064 1105 2082 1140 ι

1245 1161 1337 1232 itaque
1360 1151 1566 1227 inobedientis,
1596 1163 1682 1233 legem
1709 1164 1916 1233 inobedientiae,
1936 1168 2031 1228 boeot
2064 1180 2082 1234 fl

1244 1254 1340 1314 uitittm
1359 1257 1598 1327 concupiscentiae,
1620 1256 1797 1313 nascentibus
1819 1258 1927 1314 invexit
1944 1262 2031 1321 ritlota

1246 1346 1420 1416 propagatim
1448 1356 1589 1402 ettamen
1619 1346 1739 1416 aliquam
1762 1347 1981 1420 incorruptionis
1998 1355 2031 1409 ia·
2067 1365 2069 1370 '

1246 1434 1399 1501 tepritatem
1428 1435 1454 1490 in
1480 1436 1654 1491 nascentibus
1671 1437 1770 1491 retinet
1783 1438 1928 1507 primitiva
1946 1431 2031 1499 coadi-
2066 1456 2074 1507 t

1247 1526 1294 1582 tio.
1307 1525 1409 1582 Omnes
1429 1528 1503 1582 enim
1530 1527 1651 1598 uirgines
1664 1540 1828 1597 nascuntur,
1852 1539 1881 1588 et
1896 1534 2031 1605 virginitas
2065 1557 2082 1606 u

1246 1616 1280 1671 de
1301 1626 1381 1672 utero
1396 1632 1506 1686 egressa
1528 1626 1638 1672 aetatum
1656 1616 1826 1675 incrementa
1841 1624 2031 1691 comitatur,et

1245 1706 1349 1762 floridae
1380 1706 1594 1775 incorruptionis
1622 1707 1739 1776 gratiam
1769 1709 1871 1767 retinet
1899 1717 2032 1783 usquead

1246 1789 1428 1868 corruptelam
1458 1798 1567 1863 carnis,
1595 1815 1656 1869 quae
1680 1808 1782 1856 motum
1810 1790 2032 1875 coucupiscentia

1246 1906 1299 1946 nan
1312 1890 1462 1960 restringit,
1488 1903 1516 1944 et
1530 1891 1696 1961 integritatis
1710 1897 1811 1948 nomeb
1830 1896 1993 1968 exstinguit,
2009 1907 2032 1954 et

404 1985 600 2043 tualedlctioni.
630 2001 711 2056 qttam
739 1986 862 2054 proxima
882 1987 1040 2041 sterilitatil
1062 1988 1097 2043 At
1123 1989 1194 2057 apud
1211 1974 1231 2033 li
1246 1982 1385 2038 tentantis
1404 1981 1570 2051 tilpiniiatis
1595 1972 1688 2037 liorem
1709 1985 1873 2053 corrumpit.
1897 1984 2033 2043 Verumta-

403 2076 445 2132 isa
458 2092 501 2131 atu
518 2076 615 2147 legisse
641 2085 746 2147 poterat
762 2094 770 2131 a
790 2078 851 2132 lien
870 2080 939 2132 dicet
952 2080 1087 2135 eunuclmt
1103 2093 1113 2134 .·
1127 2082 1195 2136 lt'ccc

403 2185 450 2238 epo
466 2168 563 2237 lipnutu
588 2168 704 2233 aritium,
719 2169 782 2238 quio
806 2168 862 2224 ltus
882 2155 947 2223 dicit
966 2170 1093 2228 Dominus
1112 2187 1196 2226 eurtu-

404 2262 478 2314 ciu'r:
495 2262 567 2315 liobe
578 2263 615 2315 eia
630 2262 657 2313 itt
676 2262 753 2314 domo
768 2278 835 2327 mea,
854 2272 877 2315 et
892 2262 919 2314 itt
931 2264 1013 2318 mttrir
1029 2265 1094 2318 nteit
1109 2262 1193 2317 lucam

403 2360 427 2403 et
446 2364 538 2403 nomen
551 2351 672 2403 melmae
691 2350 756 2418 fiilia
775 2364 797 2403 et
811 2352 919 2419 filiolus
943 2351 1020 2422 (lael.
1035 2354 1098 2421 cut).
1116 2352 1197 2407 Pote-

404 2453 445 2498 rat
468 2456 494 2497 et
512 2442 596 2497 iilud:
617 2442 686 2514 licre
699 2446 773 2513 oirpo
788 2445 926 2511 concipiet.
947 2455 971 2497 et
988 2445 1071 2513 pariet
1097 2444 1194 2513 pilium,

403 2547 428 2588 et
445 2536 581 2590 uocabitur
592 2550 686 2588 nomen
700 2535 758 2605 rjus
773 2532 931 2590 Etttumuuel
949 2534 1028 2598 litei.
1041 2532 1099 2606 tu).

438 2625 507 2680 Cum
534 2628 621 2682 ltettttt·
636 2628 764 2692 ttoutiuiS,
781 2627 852 2697 quod
874 2626 971 2682 melius
989 2638 1031 2683 est
1045 2626 1107 2683 ttttts
1121 2638 1149 2682 et
1165 2626 1197 2680 ll-

403 2720 500 2782 liabus,
527 2720 669 2781 euttncltis,
683 2720 708 2772 id
731 2730 772 2772 est
788 2718 937 2788 uirginibus
956 2721 1136 2788 repromissus
1149 2720 1194 2785 sit,

403 2828 464 2869 eum
489 2812 614 2866 Salvator
629 2810 720 2865 muudi
736 2809 770 2865 de
782 2810 885 2881 uirgine
899 2811 1052 2865 nasciturus
1066 2825 1196 2877 praettun·

404 2908 486 2960 tiatus
512 2904 558 2968 sit,
585 2901 679 2958 eodem
695 2900 803 2969 spiritu,
832 2901 878 2971 qui
900 2902 1059 2971 proplietam
1080 2902 1137 2955 ltaec
1157 2899 1198 2953 di·

403 3005 511 3052 ceutent
535 2993 703 3062 inspiravit,
732 2999 926 3062 suggerentem
957 2993 1079 3062 cogitare
1110 2990 1198 3060 potnit

405 3083 622 3153 titgodirinitus
638 3082 769 3150 inspirata
786 3079 969 3150 uirginitatem
984 3081 1037 3134 lieu
1050 3080 1195 3134 admodum

404 3184 523 3247 gratam,
535 3171 680 3228 admodum
696 3186 790 3227 caram
808 3173 942 3236 existere;
955 3171 997 3225 cui
1012 3172 1099 3226 bonor
1111 3170 1196 3224 Derim

1248 2092 1322 2144 men,
1338 2075 1409 2144 quod
1423 2075 1449 2129 iu
1465 2074 1654 2130 commistione
1666 2075 1755 2142 perdit
1769 2076 1854 2131 maris
1876 2076 2034 2151 temtnequ

1246 2167 1408 2237 completio.
1430 2166 1483 2221 boc
1505 2167 1531 2220 in
1544 2177 1623 2236 partu
1644 2166 1763 2221 restituit
1783 2168 1937 2225 natiuitatis
1953 2171 2035 2240 origo.
2059 2229 2062 2236 ,

1248 2260 1396 2330 Virginitas
1416 2268 1506 2314 autem
1541 2262 1661 2313 omniunt
1690 2260 1858 2314 nascentium
1887 2266 2038 2320 corumunis

1246 2351 1400 2419 integritas,
1415 2351 1525 2406 uirtutis
1539 2365 1637 2406 nomen
1650 2358 1679 2405 et
1695 2350 1803 2405 iaudent
1824 2351 1851 2405 itt
1868 2351 1913 2406 ltis
1931 2354 2037 2422 pertissi-

1248 2458 1321 2498 nnnn
1347 2441 1446 2506 babet,
1473 2442 1518 2510 qrti
1544 2455 1605 2496 eum
1634 2441 1787 2509 integritate
1814 2442 1907 2496 carnis
1931 2453 2040 2499 serrant
2078 2451 2082 2468 ¹

1247 2533 1403 2588 castitatem
1429 2533 1538 2586 metitis.
1570 2531 1717 2599 Virginitas
1746 2542 1839 2585 etitem
1864 2536 1959 2589 cautis
1983 2536 2041 2589 sine
2080 2593 2082 2600 ,

1247 2627 1373 2681 castitate
1388 2625 1498 2690 mentis,
1511 2624 1561 2679 etsi
1578 2639 1631 2677 uon
1646 2622 1746 2679 babeat
1760 2625 1817 2695 ipsa
1829 2625 1857 2678 in
1870 2640 1900 2680 se
1917 2626 2041 2681 criminis
2080 2675 2082 2688 ,

1247 2711 1422 2791 vituperium,
1442 2733 1496 2773 nou
1511 2717 1598 2771 'babet
1621 2724 1712 2770 tamen
1727 2731 1799 2773 terae
1815 2718 1926 2772 virtutis
1940 2732 2042 2788 preco·
2078 2713 2082 2790 1

1248 2818 1333 2871 nium.
1351 2816 1497 2884 Virginitas
1524 2826 1614 2870 autem
1637 2815 1719 2881 buius
1740 2815 1890 2870 benedictae
1915 2815 2042 2870 mulieris

1247 2909 1413 2978 singularem
1432 2907 1514 2962 babet
1531 2906 1640 2962 virtutis
1652 2906 1774 2971 iaudent,
1791 2907 1854 2975 quia
1869 2907 2038 2979 tittssularem

1246 3001 1350 3056 obtinet
1373 2999 1573 3054 benedictionis
1599 2998 1736 3068 gratiam,
1753 2999 1796 3052 eui
1816 2999 1916 3054 merito
1928 2992 2039 3054 'dietum

1247 3091 1303 3145 sit:
1324 3090 1467 3146 Bettedlstu
1495 3100 1522 3144 ta
1544 3089 1576 3143 iu·
1595 3088 1759 3142 mulieribus.
1780 3087 1929 3142 Benedicta
1949 3090 2040 3159 piane,
2079 3105 2082 3118 ·

1249 3182 1338 3250 primo
1353 3169 1462 3249 quidem
1477 3179 1649 3234 itnntunitate
1661 3179 1816 3233 coutuutnis
1830 3179 2042 3247 maledictionis,

405 3265 576 3335 ⁰⁰¹¹⁰il³iendi
602 3265 627 3317 5¹¹
643 3264 747 3335 ’stibii‘
770 3263 892 3332 iiarnum
909 3273 1035 3316 servatus
1053 3261 1098 3315 Sil·
1130 3259 1196 3327 ΟΠΞ
1250 3272 1349 3326 deiude
1373 3270 1545 3324 absolutione
1566 3270 1646 3339 justae
1667 3269 1878 3334 criminationis,
1892 3281 2042 3340 postremo,

405 3361 514 3431 quidem
530 3359 588 3413 site
600 3357 738 3428 proplietae
754 3354 868 3408 oraculo
884 3354 1030 3407 demerito
1055 3353 1198 3421 uirginita-

406 3454 441 3508 tis
466 3452 610 3512 instrueta,
641 3448 698 3502 site
725 3446 818 3500 divino
847 3446 979 3499 instinctu
1011 3454 1115 3497 tautum
1135 3442 1200 3497 iude

407 3543 523 3598 interius
546 3541 658 3606 edocta,
673 3537 858 3606 titpiuitatent
879 3537 1027 3599 atiatuavit,
1054 3533 1200 3604 uirginita-

407 3647 458 3691 tem
473 3636 597 3705 ampieta
614 3633 642 3688 in
658 3634 769 3688 odorem
783 3630 975 3685 suauissiunuu
993 3628 1108 3683 liontiuo
1120 3625 1200 3680 oblu-

407 3729 458 3791 lit,
485 3737 511 3780 et
534 3725 721 3790 consecrauit,
748 3731 776 3777 et
800 3720 997 3776 maledictionis
1023 3718 1198 3788 opprobrium

406 3819 581 3887 contempsit.
599 3816 653 3871 Sed
676 3814 834 3886 uirginitate
850 3813 980 3868 itaetenus
996 3811 1082 3867 sterili
1106 3810 1201 3865 leeuu·

323 3941 326 3946 ,
406 3912 522 3963 ditatem
539 3908 655 3977 aceepit,
677 3921 726 3974 pro
750 3903 943 3959 maledictione
958 3908 1113 3970 contempta
1134 3914 1199 3969 gra·

408 4000 474 4054 tiam
490 3997 689 4053 benedictionis
714 3997 829 4051 inuenit.
856 3994 924 4048 Erat
940 3991 1001 4047 aliis
1016 4006 1065 4061 pto
1087 3989 1200 4045 maledi·

407 4091 497 4147 ctione
517 4090 648 4161 iniquitas
663 4089 690 4143 iu
708 4096 852 4157 conceptu,
877 4085 954 4140 dolor
976 4086 1002 4137 in
1015 4091 1105 4152 partu,
1129 4082 1199 4136 etin

407 4181 568 4253 quibusdam
595 4181 724 4236 sterilitas
746 4178 805 4233 sine
823 4175 924 4231 lructu.
941 4173 1004 4227 lice
1019 4181 1110 4227 autem
1138 4172 1200 4225 siue

407 4285 519 4346 peceato
531 4273 666 4343 concepit,
681 4268 849 4325 sined'olote
866 4269 984 4337 peperit,
997 4265 1030 4319 de
1043 4262 1200 4333 virginitate

408 4365 527 4422 ltuctum
541 4365 664 4438 protulit.
678 4363 711 4417 Et
723 4360 833 4434 qualem
849 4359 967 4415 iunctum
978 4359 990 4412 l
1003 4355 1133 4412 l‘ructum
1146 4354 1212 4408 uti··

407 4474 462 4529 que
489 4456 667 4528 singularem.
683 4454 800 4511 leuetum
820 4450 1010 4522 pretiosiorem
1038 4458 1094 4503 toto
1109 4447 1199 4502 lruetu

407 4550 538 4619 cottp’ugii.
568 4548 699 4616 Quisnam
724 4556 767 4601 est
787 4544 893 4599 lrttctus
917 4542 1049 4612 coitjngti,
1072 4540 1122 4595 nisi
1144 4548 1200 4594 tota

408 4644 474 4697 belot
490 4641 649 4707 posteritas,
666 4647 722 4692 tota
737 4637 794 4691 buc
809 4636 927 4690 stilorum
949 4634 1091 4687 bominum
1106 4646 1198 4685 nume
1216 4639 1410 4720 „contusione
1435 4638 1564 4694 corilundi
1593 4645 1621 4692 et
1639 4634 1849 4712 conturbatione
1874 4637 2041 4705 perturbari.

408 4732 531 4789 rositasl
558 4730 626 4785 Nam
653 4728 699 4797 qui
729 4732 762 4782 de
790 4725 970 4780 fornicatione
992 4723 1048 4777 ttati
1075 4730 1149 4787 sunt,
1167 4721 1200 4775 de

409 4824 505 4897 prituis
517 4821 677 4892 parentibus
690 4817 816 4887 conjugio
832 4816 964 4885 copulatis
979 4812 1117 4884 propagati
1127 4820 1199 4866 sunt.

409 4916 495 4972 'fotus
508 4925 599 4988 aumm
615 4914 720 4967 t'ruetus
735 4910 854 4964 carnalis
865 4907 1050 4978 permistionis
1068 4906 1202 4975 praedante

409 5016 490 5064 natus
504 5015 555 5065 est,
571 5013 662 5073 utpote
681 5004 714 5057 de
729 5000 799 5055 mma
830 5000 928 5055 arbore
946 5007 1042 5065 natus,
1068 5005 1096 5052 et
1115 4996 1148 5051 de
1162 4995 1203 5049 si·

411 5103 479 5157 tiosa
494 5097 584 5153 radice
598 5104 757 5163 corruptus;
778 5093 849 5148 mala
864 5091 997 5163 siquidem
1012 5092 1094 5147 arbor
1115 5090 1201 5145 malos

408 5194 517 5249 fruetus
543 5189 611 5245 lacit
639 5186 748 5259 (ilattlt.
770 5202 824 5255 ttt;
854 5185 918 5241 Luc.
938 5187 988 5247 uti.
1004 5184 1145 5252 Qttaenam,
1162 5184 1203 5238 iu-

409 5287 481 5357 qnis,
494 5293 537 5341 est
553 5286 624 5340 mala
645 5283 745 5339 arbori
758 5281 985 5351 Concupiscentia
1002 5279 1096 5349 utique
1120 5277 1201 5343 mala,

410 5373 634 5449 eoncupiscentia
649 5374 750 5438 earnis,
769 5388 851 5442 uuam
867 5387 934 5428 sano
952 5372 1072 5434 trabunt,
1087 5371 1204 5441 qtticun·

413 5486 466 5542 que
480 5474 627 5526 secundum
641 5470 728 5540 legem
742 5467 834 5523 earnis
847 5474 1025 5539 generantur,
1046 5466 1205 5534 quicunque

412 5561 571 5618 extraduce
583 5563 686 5629 peccati
698 5567 896 5632 propagantur.
912 5557 975 5613 ilaec
991 5567 1033 5614 est
1045 5567 1135 5612 autem
1147 5555 1204 5611 ori·

414 5652 504 5725 plurale
528 5652 629 5707 malum
655 5654 793 5719 innubis,
818 5653 951 5708 titulorum
975 5649 1205 5712 setttittarium,et

416 5746 502 5802 totius
526 5760 622 5800 massar
637 5755 773 5812 corruptae
797 5743 976 5807 lertneutum,
1000 5750 1027 5796 et
1050 5739 1205 5794 communis

418 5836 602 5892 dantnatiouis
619 5834 727 5891 initium
742 5844 770 5891 et
783 5834 1024 5905 cotttplementum.
1042 5831 1109 5887 lluie
1122 5829 1206 5900 origi·

1251 3364 1323 3431 quad
1339 3363 1486 3416 maximum
1504 3371 1556 3423 est,
1577 3362 1721 3416 aversione
1735 3362 1834 3416 debita
1848 3363 2042 3418 damnationis.

1250 3454 1371 3508 Ceteras
1383 3453 1482 3522 quippe
1506 3451 1635 3507 mulieres
1646 3441 1782 3520 petieralis
1805 3452 1972 3517 maledictio,
1987 3441 2042 3507 ta'n

1249 3545 1388 3614 parientes
1404 3557 1487 3613 qttatn
1510 3543 1617 3599 steriles
1640 3545 1770 3608 introlvit,
1792 3544 1836 3608 eui
1857 3559 1905 3614 per
1927 3543 2042 3615 gratiam

1249 3633 1309 3690 baec
1323 3644 1461 3704 exculpta,
1476 3633 1503 3688 in
1517 3634 1568 3688 boc
1584 3637 1729 3705 quamdam
1753 3646 1857 3704 partem
1874 3634 2045 3690 benedictio·

1249 3725 1293 3779 uis
1303 3724 1435 3789 obtinuit,
1449 3724 1523 3795 quod
1535 3723 1656 3794 generali
1669 3724 1842 3778 inconmodo
1858 3723 1916 3777 sola
1941 3724 2043 3785 uruit.

1250 3824 1277 3872 et
1304 3816 1433 3872 luttmmis
1458 3816 1574 3870 exstitit.
1592 3815 1654 3870 ilaec
1670 3826 1725 3879 cst,
1741 3830 1823 3883 uuam
1846 3813 1975 3876 ebaiams.
1992 3816 2045 3869 itu-

1250 3909 1368 3965 muuitas
1379 3907 1515 3978 generalis
1527 3907 1737 3963 maledictionis.
1752 3906 1863 3961 Poterat
1883 3904 1925 3958 tir
1942 3919 2045 3973 pecea-

1250 4008 1293 4055 tor
1303 4010 1444 4069 peceatum
1460 4000 1590 4054 aduersus
1603 3999 1744 4052 mulierem
1759 3996 1880 4058 causari,
1891 4005 1920 4049 et
1931 3996 2043 4051 dicere:

1250 4088 1303 4145 Per
1316 4100 1381 4152 te,o
1397 4089 1495 4142 tutitier
1509 4085 1666 4150 utaledicta,
1687 4095 1714 4140 et
1727 4085 1825 4141 trierito
1843 4083 2044 4148 maledicenda,

1250 4189 1277 4235 et
1295 4195 1346 4248 ego
1371 4179 1532 4234 maledictus
1557 4193 1633 4241 sum;
1661 4160 1835 4248 pertesum
1860 4177 1896 4240 de
1916 4177 2045 4248 paradise

1250 4270 1363 4341 eiectus,
1378 4289 1426 4342 pet
1439 4279 1465 4326 te
1478 4271 1535 4325 itate
1550 4281 1577 4324 et
1594 4270 1652 4325 itae
1665 4270 1735 4324 bona
1751 4270 1871 4337 perdidi;
1885 4284 1934 4337 per
1948 4280 1974 4323 te
1987 4269 2044 4323 bae

1250 4376 1279 4420 et
1298 4365 1357 4419 bose
1382 4363 1452 4418 mala
1470 4363 1577 4433 reperi;
1602 4376 1642 4416 ttae
1669 4361 1729 4425 tibi,
1746 4362 1809 4430 uuit
1827 4376 1874 4431 per
1892 4370 1917 4415 te
1944 4361 2043 4415 lactum

1250 4464 1302 4521 est,
1328 4469 1369 4509 ιι)
1397 4454 1480 4510 ntiltil
1508 4454 1549 4509 td
1572 4455 1628 4509 ittec
1655 4469 1708 4508 uon
1722 4462 1828 4522 poterat
1839 4453 1930 4507 omnis
1948 4454 2047 4508 retaliet·

1252 4562 1335 4601 unum
1355 4546 1523 4616 respondere
1534 4544 1659 4608 uerbum,
1686 4544 1719 4598 ad
1735 4544 1792 4598 baec
1808 4558 1862 4598 non
1875 4552 1983 4613 poterat
1994 4542 2044 4596 uisi

1253 4732 1322 4786 iiiuc
1338 4739 1423 4787 totum
1435 4745 1521 4799 gertus
1533 4729 1678 4784 mulierum
1707 4727 1793 4798 potnit
1804 4741 1865 4782 esse
1876 4742 2003 4790 exostun,
2017 4736 2044 4782 et
2064 4792 2066 4797 ¹

1253 4822 1359 4899 publica
1375 4820 1586 4892 exprobratione
1610 4818 1812 4889 dignissimum.
1836 4816 1870 4872 tn
1882 4818 2043 4898 sicquidem

1252 4924 1312 4971 etat
1323 4924 1389 4971 ante
1401 4914 1482 4981 ltujtts
1496 4912 1609 4982 uirginis
1620 4919 1739 4980 partum.
1764 4909 1841 4965 lltmc
1856 4918 1948 4964 autent
1967 4907 2045 4976 longe

1253 5008 1334 5063 aliter
1345 5018 1397 5063 est.
1411 5005 1498 5062 ilabet
1510 5006 1584 5061 enirn
1597 5001 1848 5082 ntullernuncuuid
1863 5000 2043 5071 respondeam

1253 5102 1337 5158 bellet
1362 5102 1389 5156 iu
1413 5100 1493 5156 beata
1518 5096 1723 5167 virgineorum
1753 5096 1816 5150 lntic
1837 5089 2044 5162 exprobrationi

1253 5202 1383 5265 opponat.
1407 5193 1471 5248 line
1490 5201 1545 5254 est,
1572 5205 1653 5261 quant
1668 5189 1797 5251 diximus,
1813 5185 1948 5241 absolutio
1964 5183 2046 5253 iusta

1254 5284 1464 5340 criminationis.
1492 5283 1581 5350 Aqua
1600 5280 1711 5350 quidem
1732 5277 1925 5332 criminatione
1939 5282 1967 5330 et
1989 5276 2046 5328 itate

1255 5376 1332 5445 virgo
1350 5375 1436 5430 libera
1448 5373 1563 5435 exstitit.
1591 5381 1619 5428 et
1633 5385 1685 5427 suo
1706 5367 1803 5425 uterito
1828 5365 2045 5424 caterasebsul-

1256 5469 1304 5524 tit.
1332 5467 1397 5533 Qtrae
1419 5463 1549 5535 quoniam
1568 5462 1737 5528 saltatorem
1760 5460 1853 5515 mundi
1881 5458 1979 5524 edidit,
1998 5457 2045 5527 qui

1256 5568 1372 5615 mortem
1395 5555 1540 5619 destruxit,
1557 5562 1585 5608 et
1604 5554 1724 5609 debitam
1744 5550 1825 5608 nobis
1841 5548 2061 5606 damnationem·

1256 5649 1366 5714 auertit,
1380 5656 1464 5701 totum
1483 5646 1507 5699 ei
1528 5652 1590 5714 post
1614 5644 1698 5699 ileum
1710 5643 1850 5702 debemus.
1875 5640 1947 5714 uupd
1959 5656 1975 5696 a
1989 5653 2047 5694 ιιιι·

1257 5740 1355 5797 ledicto
1386 5738 1495 5795 liberati
1520 5751 1630 5803 sumnus
1660 5737 1732 5808 quod
1754 5736 1829 5793 omni
1853 5734 2046 5791 benedictione

1257 5832 1390 5905 spirituali
1416 5833 1443 5889 lu
1473 5833 1629 5888 caelestibus
1643 5830 1780 5888 benedicti
1805 5842 1912 5894 sumus,
1929 5835 1960 5882 ut
1974 5818 2047 5882 siett't

420 5930 475 5986 nali
502 5929 574 5987 maio
601 5939 656 5984 tatu
680 5930 776 5994 noaiu,
801 5936 855 5983 tam
881 5925 1039 5993 mortifero,
1060 5923 1235 5986 remediati,
1259 5928 1316 5997 ipsa
1341 5936 1383 5983 eet
1393 5940 1502 5996 semper
1522 5924 1593 5996 apud
1614 5924 1699 5980 licum
1713 5922 1867 5989 benedicta,
1886 5918 2046 5977 sieattobla

422 6022 542 6094 oportuit
557 6034 606 6094 per
619 6018 875 6104 oripiualeltonum,
891 6018 923 6076 de
941 6026 1013 6075 statu
1027 6016 1122 6088 prime
1140 6029 1237 6098 eou-n

1261 6020 1297 6078 sit
1310 6033 1417 6090 πωροι
1433 6016 1628 6078 benedicenda.
