4584 6767
327 589 398 649 rna
982 572 1297 650 ‘urcraurracra
1888 592 1962 655 ruat

325 709 460 783 justitie,
494 704 687 773 tortitudinis,
712 707 920 777 temperantiae,
942 717 1117 763 caeterarum·
1132 716 1154 771 Α
1170 726 1199 768 sc
1217 721 1348 783 tanquam
1364 710 1409 766 lnr
1429 711 1497 767 hora
1523 712 1568 766 illa
1590 712 1724 767 inermem
1746 712 1961 782 comprehende·
1983 781 1990 789 ¹

325 820 381 874 qne
396 802 540 867 uirtutum,
556 806 587 854 ut
605 798 732 869 superius
751 800 938 870 praediximus,
953 809 1054 856 ornatu
1067 800 1116 855 de·
1170 813 1221 859 ret.
1253 804 1322 858 Corn
1351 820 1435 874 opere
1462 805 1546 859 etiam
1566 803 1678 860 lectioni
1698 804 1837 869 uacabat,
1868 802 1960 861 sciens

326 904 439 949 curatos
454 891 572 948 exstitit.
587 889 694 947 Parrus
710 890 772 958 luit,
789 899 819 946 nt
835 892 872 947 ita
890 893 991 960 dicam,
1016 900 1044 947 et
1058 909 1118 948 ma·
1169 894 1243 963 quod
1259 894 1377 950 lectione
1403 910 1504 951 sensus
1519 904 1636 966 augetur
1649 903 1677 949 et
1692 893 1847 950 intellectos
1865 893 1965 949 tribui·

326 1002 413 1059 gnns;
432 984 545 1040 humilis
560 992 588 1039 et
603 983 694 1054 altusss,
709 998 814 1053 pauper
835 995 862 1039 et
877 983 973 1047 dines,
988 983 1118 1054 spiritua·
1170 994 1234 1050 tor,
1254 994 1281 1040 et
1299 984 1373 1055 quod
1393 986 1475 1040 lectio
1495 985 1575 1040 docet
1591 985 1657 1055 quid
1672 993 1812 1040 careatur.
1828 982 1894 1040 Erat
1912 1001 1960 1040 re-

326 1080 364 1134 lia
395 1076 578 1138 carnalibus,
600 1085 702 1131 aeterna
729 1074 925 1145 temporalibus
948 1076 1116 1147 praeposuit,
1169 1089 1200 1130 ro
1220 1090 1284 1147 erga
1300 1089 1397 1131 omnes
1420 1076 1543 1143 homilis,
1560 1075 1732 1146 nimiumque
1758 1075 1785 1129 in
1806 1076 1960 1131 hnmilitate
2045 1101 2050 1108 ·

325 1176 353 1221 et
370 1168 491 1237 seipsum
503 1167 610 1237 integre
624 1165 681 1219 Deo
701 1153 887 1232 sacriticavit',
906 1174 933 1220 et
946 1175 1058 1235 propter
1085 1165 1119 1221 il·
1170 1163 1312 1233 lundatns,
1333 1167 1445 1223 nullise
1472 1161 1657 1239 praeponens,
1690 1166 1767 1221 nollo
1787 1181 1817 1223 se
1836 1169 1962 1236 superio·
1993 1153 2007 1172 “’

326 1260 383 1314 lum
398 1258 487 1313 solum
501 1258 595 1314 omnia
608 1256 728 1326 reliquit.
751 1253 898 1326 Speciosus
912 1270 1049 1328 corpore,
1069 1256 1117 1311 sed
1169 1274 1227 1313 reru
1248 1260 1393 1329 deputans,
1414 1260 1505 1315 sciens
1523 1268 1551 1315 et
1570 1259 1658 1326 illud,
1686 1259 1751 1330 qnia
1771 1259 1796 1315 si
1814 1261 1877 1330 quis
1895 1275 1959 1328 per-

327 1350 479 1422 speciosior
495 1350 595 1417 eorde;
614 1349 752 1419 gratiosus
771 1363 923 1415 sermone,
948 1349 995 1424 sed
1016 1348 1118 1419 gratior
1171 1352 1241 1407 lecta
1259 1361 1406 1408 conmotus
1439 1353 1492 1407 erit
1525 1351 1698 1420 bumilitate,
1728 1351 1840 1407 babebit
1858 1366 1893 1407 ex
1912 1351 1973 1407 illa¹

327 1457 428 1513 opere;
457 1442 558 1498 nobilis
580 1456 700 1513 genere,
730 1441 776 1496 scd
807 1441 926 1497 nobilior
949 1441 1117 1506 sanctitate,
1169 1443 1304 1514 gloriam;
1336 1453 1364 1499 et
1394 1453 1501 1514 quanto
1520 1444 1583 1514 quis
1601 1443 1732 1499 humilior
1751 1441 1851 1511 luerit,
1884 1451 1960 1500 tanto

327 1535 417 1592 ior-nra
432 1534 584 1606 religionis,
601 1547 699 1587 norma
713 1530 890 1602 perfectionis
909 1540 936 1586 ct
949 1531 994 1585 uia
1008 1530 1059 1585 luit
1071 1545 1118 1586 sa·
1169 1548 1232 1588 eom
1248 1533 1365 1589 altitudo
1383 1533 1476 1604 gloriae
1496 1542 1636 1604 sequetur.
1658 1532 1781 1589 llahebat
1797 1534 1872 1588 enim
1885 1543 1959 1589 tem-

328 1626 405 1681 lntis.
422 1624 542 1695 Vigiliis,
559 1613 746 1688 orationibus,
755 1619 892 1690 suspiriis,
904 1618 1066 1701 gemitibus,
1080 1616 1116 1672 la·
1169 1631 1361 1691 perornentnnr
1376 1623 1404 1677 in
1425 1624 1579 1693 prosperis,
1591 1623 1754 1693 patientiam
1775 1622 1802 1677 iu
1823 1623 1957 1690 aduersis,

328 1717 443 1788 crymis,
457 1712 705 1786 gerntssetionibui,
720 1710 845 1783 iejuniis,
870 1709 1051 1779 eleesswslssis
1071 1722 1118 1762 Vt·
1168 1723 1345 1791 nterrtemqnc
1372 1730 1423 1770 nec
1439 1714 1541 1785 gaudio
1556 1731 1606 1771 nee
1624 1730 1741 1771 moerore
1758 1731 1774 1770 a
1789 1713 1893 1770 Christi
1910 1729 1958 1768 un·

327 1826 396 1866 cans
409 1809 545 1874 studiose,
560 1809 616 1862 rita
633 1806 750 1878 spiritali
765 1813 793 1861 et
808 1804 933 1861 doctrina
951 1802 1053 1859 salubri
1062 1797 1119 1857 llo·
1169 1823 1251 1878 qnam
1280 1822 1375 1862 amore
1401 1808 1557 1864 rerocabat.
1584 1805 1750 1863 irascentem
1778 1822 1889 1878 quoque
1909 1823 1959 1879 pa·

326 1900 405 1954 rebat
420 1906 447 1954 et
468 1896 616 1952 redolebat.
637 1894 738 1950 Pennis
753 1903 865 1951 sanetae
880 1893 1118 1964 contemplationis
1170 1898 1293 1952 tietuiarn
1317 1899 1486 1967 deliniebat,
1511 1908 1540 1955 et
1572 1898 1760 1955 blandimento
1786 1901 1958 1957 iracundiam

328 1989 486 2058 {requenter
511 2002 622 2043 sursum
649 1986 777 2054 volabat,
804 1986 912 2043 ardenti
935 1985 1071 2041 desiderio
1090 1984 1117 2039 in
1171 1987 1287 2045 lut-entis
1301 1990 1481 2060 temperabat,
1496 2006 1528 2046 ae
1543 1992 1583 2046 sic
1609 1992 1727 2047 alienam
1743 1992 1881 2048 miseriam
1898 2003 1959 2048 tan·

328 2082 406 2137 eoelis
423 2080 585 2147 habitabat,
610 2088 697 2135 totum
714 2094 761 2133 eor
779 2079 806 2133 in
829 2076 947 2133 [turnino
959 2078 1042 2146 ligere
1055 2085 1114 2132 sat·
1132 2062 1155 2117 Β
1170 2098 1253 2153 (quant
1268 2098 1348 2137 suam
1365 2083 1486 2154 lugebat.
1501 2081 1623 2153 Eratque
1637 2084 1662 2139 ei
1677 2083 1704 2138 in
1725 2100 1825 2156 gressu
1850 2085 1958 2154 simpli-

328 2171 438 2243 agebat.
467 2169 602 2227 [livinitus
630 2169 801 2225 illuminatus
826 2168 896 2222 alios
923 2166 1116 2233 illuminabat,
1169 2176 1248 2242 ciras,
1265 2175 1292 2229 in
1306 2184 1380 2229 mmo
1396 2174 1513 2245 puritas,
1529 2176 1556 2229 io
1573 2184 1648 2245 gestu
1663 2176 1794 2246 gravitas,
1809 2177 1835 2231 in
1849 2176 1959 2233 incessu

328 2264 440 2320 coeliius
455 2263 642 2319 inflammatus
654 2263 725 2318 alios
742 2260 942 2327 inflamlffibih
960 2259 1118 2315 medullitus
1169 2266 1322 2332 honestas,
1347 2265 1374 2319 in
1395 2264 1503 2335 jejunio
1519 2264 1655 2320 hilaritas.
1677 2265 1793 2321 Animus
1809 2267 1882 2321 enirn
1898 2268 1959 2337 ejus

329 2359 517 2430 impinguatus
530 2359 600 2414 alios
616 2357 815 2429 impinguabat,
829 2356 952 2411 innditus
967 2355 1117 2410 inebriatos
1170 2360 1198 2413 in
1214 2357 1420 2413 modestissimo
1443 2358 1568 2427 corporis
1592 2357 1687 2413 habitu
1713 2358 1870 2429 apparebat.
1894 2358 1962 2414 Erat

330 2452 399 2507 alios
421 2450 583 2505 inebriabat.
609 2448 707 2503 Lorica
724 2447 811 2503 ferrea
827 2446 872 2503 die
891 2462 924 2501 ac
939 2455 1018 2501 noete
1037 2445 1118 2500 indu·
1169 2450 1251 2505 etiam
1265 2465 1368 2519 parcns
1382 2449 1409 2505 in
1427 2465 1567 2515 sermone,
1580 2450 1701 2503 blandus
1723 2451 1749 2503 in
1768 2451 1890 2520 eloquio,
1907 2452 1959 2505 ιη.

328 2546 395 2610 tns',
425 2543 568 2612 amnisque
590 2541 691 2596 c'irinis
712 2541 833 2610 undiquc
860 2538 985 2593 munitus
1003 2553 1118 2609 regnum
1170 2550 1251 2609 stem,
1266 2543 1378 2612 imoque
1403 2540 1541 2596 dolentem
1556 2540 1630 2596 dulci
1654 2542 1850 2598 consolabatur
1863 2542 1957 2599 affatu.

330 2651 450 2707 perenne
473 2644 528 2688 tana
546 2634 597 2689 sibi
615 2648 698 2703 quarn
714 2632 840 2703 pluribus
854 2632 919 2687 aliis
944 2630 1118 2685 viriiiter-ac·
1172 2632 1230 2690 lioe
1243 2632 1402 2704 proferebat
1424 2648 1458 2689 ex
1473 2632 1645 2703 lahiisqnod
1671 2642 1790 2688 mentem
1813 2633 1961 2689 aediliearet

328 2727 510 2799 quisirit,et
539 2726 618 2781 aunis
640 2724 696 2780 lere
716 2724 914 2795 quinquaginta
936 2723 1119 2793 inproposito
1170 2727 1319 2790 audientis,
1349 2726 1486 2796 flebatque
1509 2726 1570 2794 eins
1594 2740 1685 2780 sermo
1710 2725 1842 2780 auditioni
1867 2726 1960 2795 pepuli

329 2819 486 2876 sanctitatis
519 2817 693 2873 sanctissime
723 2831 923 2886 perseuerans,
952 2815 1031 2870 aniles
1060 2814 1120 2884 glo·
1170 2817 1257 2873 utilis.
1273 2814 1436 2872 Nihilenim
1452 2831 1486 2871 ex
1508 2816 1637 2871 omnibus
1661 2831 1722 2886 quae
1744 2816 1846 2886 egisset
1862 2813 1959 2882 bonis,

330 2910 423 2965 riosus
445 2908 478 2962 ad
494 2925 584 2979 regem
602 2908 753 2978 gloriosum
780 2909 834 2962 line.
859 2908 981 2977 glorioso
1006 2924 1032 2960 rr
1055 2905 1119 2964 llus
1171 2908 1278 2964 aseritis
1300 2907 1359 2964 suis
1388 2907 1547 2974 tribuebat,
1570 2905 1696 2976 nihilque
1726 2906 1754 2961 in
1777 2906 1883 2961 uiribus
1901 2905 1961 2962 suis

329 3001 473 3057 Februarii
501 3001 648 3072 migrarit,
676 2998 888 3071 stephanusque
914 2991 1012 3055 merito
1036 3014 1119 3055 noca·
1170 3016 1292 3071 unquam
1313 2999 1517 3070 praesumebat,
1548 2999 1597 3054 sed
1625 3012 1707 3053 omne
1725 3012 1795 3069 opus
1825 3012 1906 3053 soum
1925 2998 1960 3052 ad

331 3102 397 3160 tus,
421 3102 523 3163 quanta
547 3092 582 3146 sit
607 3091 693 3161 gloria
716 3103 743 3147 et
765 3092 868 3147 honore
883 3099 1048 3159 coronatus,
1063 3107 1119 3147 nou
1171 3092 1256 3148 [lemn
1287 3106 1395 3161 semper
1414 3088 1580 3157 conferens,
1601 3090 1628 3144 in
1647 3088 1755 3145 cunctis
1774 3088 1882 3144 actibus
1899 3088 1961 3159 ejus

331 3186 422 3241 solunt
450 3184 568 3255 proprie
590 3198 715 3253 personae
740 3183 863 3238 miranda
891 3181 1044 3253 perfectio,
1070 3199 1119 3238 se·
1172 3184 1306 3240 auxilium
1327 3181 1505 3252 implorabat.
1527 3178 1633 3235 Bonum
1653 3178 1729 3250 quod
1753 3178 1887 3234 didicerat
1910 3176 1962 3231 do·

331 3295 393 3335 curn
405 3278 488 3332 etiarn
502 3275 645 3345 multiplex
662 3282 854 3346 argumentum
873 3274 935 3329 illias
949 3290 1016 3342 suae,
1031 3274 1119 3330 Grau·
1157 3271 1270 3341 cehat,
1296 3273 1380 3330 'rerba
1409 3282 1499 3328 tamen
1520 3271 1652 3343 operibus
1672 3268 1852 3342 praeoedebat,
1870 3269 1961 3326 sciens

331 3369 515 3426 dimontensis
542 3365 668 3423 uidelicet
697 3361 858 3436 religionis,
879 3372 995 3419 testatur
1018 3372 1045 3419 et
1069 3364 1154 3446 dte-c
1171 3368 1301 3439 quoniam
1322 3381 1378 3421 non
1397 3374 1440 3421 est
1459 3365 1539 3421 laude
1558 3366 1672 3435 dignum
1692 3363 1766 3434 quod
1785 3362 1868 3418 docet
1885 3361 1960 3448 quis,

332 3463 431 3519 clatei-
1172 3463 1227 3519 nisi
1246 3463 1328 3518 dietis
1343 3460 1415 3517 laeta
1435 3459 1632 3530 cotrjnoxerit,
1654 3457 1701 3514 sed
1732 3456 1825 3527 potius
1844 3457 1866 3511 si
1887 3456 1961 3526 quod

332 3573 366 3630 ll.
388 3573 426 3629 De
439 3562 569 3628 charitate
583 3573 713 3643 ejusdem,
728 3568 944 3634 mansuetudine,
957 3567 1119 3639 longanimi·
1170 3553 1251 3610 (1006
1274 3561 1302 3608 0¹
1326 3550 1413 3618 ficiis
1433 3558 1499 3605 ¹⁰⁰⁰
1514 3549 1651 3620 8¹⁰fi⁰⁵⁰⁸
1666 3547 1821 3603 habebimi-
1844 3543 1921 3600 unde
1935 3553 1963 3600 ⁰⁸

524 3652 589 3711 iate,
609 3645 763 3711 steteritque
778 3639 929 3695 uirtutibus.
1170 3643 1321 3715 Apostolus
1332 3642 1399 3698 dicit
1421 3658 1427 3694 :
1451 3640 1492 3696 Ne
1511 3656 1570 3694 cnm
1591 3640 1654 3693 aliis
1673 3639 1886 3708 praedicaverim,
1907 3639 1962 3708 ipss

370 3735 532 3792 sectabatur
551 3736 642 3805 itaque
660 3735 765 3789 viriste
781 3728 1121 3799 sanetus,omnibonitate
1171 3735 1298 3807 reprobus
1311 3735 1411 3804 efficiar
1428 3732 1454 3802 (Ι
1474 3731 1536 3788 Cor.
1558 3731 1608 3801 tt).
1628 3729 1741 3786 ilostem
1764 3739 1895 3798 praeterea
1919 3729 1962 3783 in.

333 3829 442 3900 plenus,
455 3828 555 3899 jugiter
570 3826 731 3882 charitatem
743 3867 750 3893 ,
771 3822 1009 3879 mansuetudinem
1020 3832 1048 3877 et
1060 3822 1121 3876 lon-

333 3924 531 3995 ganimitatem.
554 3917 689 3990 Diligebat
704 3916 789 3973 Deum
803 3932 837 3971 ex
858 3924 915 3971 toto
938 3915 1031 3983 corde,
1046 3922 1120 3970 etex

331 4024 390 4071 tota
407 4014 511 4078 antima,
541 4023 623 4080 atque
649 4026 682 4065 ex
708 4018 764 4063 tota
787 4006 895 4061 uirtute.
919 4004 985 4062 Erat
1011 4020 1121 4076 quoque

285 4092 286 4096 ¹
331 4104 499 4175 tranquillus
522 4102 665 4169 moribus,
682 4107 709 4154 et
723 4114 837 4154 serenus
859 4104 984 4168 aspectu.
1002 4095 1122 4153 Gerebat

332 4198 438 4254 uultum
461 4195 610 4266 placidum,
629 4192 797 4248 moderatam
826 4191 966 4261 speeiem,
992 4199 1120 4256 ornatum

333 4299 487 4360 aspectum,
513 4288 636 4358 quietum
663 4299 773 4340 sensum
784 4325 793 4351 ,
806 4285 930 4338 animum
945 4283 1050 4349 letum,
1070 4282 1122 4336 hu·

334 4383 428 4439 milcm
442 4380 618 4449 sapientiam.
634 4376 751 4447 Semper
765 4391 849 4446 opera
873 4376 945 4432 hona
967 4374 1047 4431 iactis
1062 4390 1122 4430 arn·

334 4474 406 4545 plius
430 4487 512 4542 quarn
527 4472 617 4526 ver-lus
633 4470 807 4536 ostendebat;
829 4483 930 4539 corpus
947 4466 1019 4524 lame
1036 4466 1120 4523 casti-

333 4581 412 4638 gaus,
422 4563 559 4634 jejunium
583 4562 674 4634 potius
690 4576 773 4631 quam
789 4559 884 4631 epulas
897 4575 1005 4625 amans,
1025 4559 1121 4615 dolen·

333 4667 387 4712 tenr
401 4655 558 4722 consolans,
582 4669 658 4724 spem
683 4667 761 4708 suam
778 4650 834 4707 [leo
857 4650 1043 4716 committens,
1059 4662 1121 4704 ora·

1172 3828 1309 3884 risibilem
1325 3825 1499 3882 orationibus
1512 3832 1540 3878 ct
1553 3823 1681 3893 precibus
1706 3822 1837 3892 repellere
1860 3822 1962 3891 jugiter

1172 3917 1370 3985 contendebat,
1398 3931 1525 3989 pugnans
1539 3933 1588 3973 ore
1603 3960 1611 3985 ,
1626 3933 1680 3973 noo
1697 3917 1804 3989 gladio;
1831 3918 1963 3973 orationi·

1172 4009 1236 4076 bus,
1259 4024 1313 4065 nno
1334 4008 1399 4087 telo,
1414 4008 1557 4078 precibus,
1575 4024 1629 4064 non
1644 4009 1726 4065 ierro.
1739 4009 1853 4065 Cunctis
1869 4018 1962 4065 autem

1172 4100 1289 4169 dicbus,
1309 4100 1417 4158 cunetis
1435 4099 1511 4156 boris
1527 4099 1574 4156 Ilei
1590 4099 1732 4172 flagitabat
1745 4102 1915 4172 presidium,
1931 4109 1963 4158 ut
2060 4117 2072 4137 ‘

1172 4194 1273 4264 dignos
1291 4202 1353 4262 post
1373 4192 1469 4248 mundi
1487 4193 1576 4249 lucem
1592 4203 1684 4265 posset
1698 4194 1839 4264 pervenire
1853 4194 1886 4250 ad
1898 4194 1962 4250 bra·

1173 4287 1260 4341 rinm.
1273 4284 1327 4341 Res
1341 4288 1507 4356 temporales
1524 4285 1660 4342 tribuebat
1674 4286 1779 4356 egenis,
1798 4296 1830 4341 ut
1841 4301 1890 4356 per
1901 4302 1962 4342 eas·

1172 4377 1235 4432 dem
1259 4386 1431 4433 mercaretur
1445 4377 1576 4448 ‘paradisi
1591 4377 1715 4433 delicias.
1732 4376 1874 4432 hesitabat
1900 4378 1962 4449 qni-

1172 4467 1236 4522 dcm
1265 4467 1441 4537 superbiam,
1471 4466 1687 4536 amplectebatur
1704 4467 1897 4536 humilitatem,
1914 4466 1962 4526 het

1173 4574 1283 4629 semper
1297 4558 1432 4614 auaihum
1447 4573 1560 4630 rogans,
1576 4559 1658 4614 linem
1672 4558 1776 4631 jugiter
1794 4558 1900 4614 lelieem
1912 4574 1963 4630 po·

1174 4654 1291 4708 stulans.
1307 4649 1377 4719 Quia
1396 4652 1472 4707 enirn
1487 4652 1535 4707 illo
1552 4662 1675 4724 tempore
1698 4639 1882 4710 humiliiatem
1901 4654 1963 4723 eius
1991 4671 1999 4685 .

333 4747 403 4803 tioni
420 4745 576 4816 trequentes
599 4743 772 4810 incumbens,
800 4742 924 4813 nihilque
951 4742 1039 4796 amori
1072 4738 1119 4794 [lei
1138 4751 1311 4811 peernens,
1337 4760 1392 4801 non
1417 4744 1545 4815 protinus
1564 4743 1818 4816 compungeretur?
1837 4755 1884 4802 aot
1899 4746 1964 4818 quis

333 4853 507 4911 praeponens,
524 4836 596 4907 quod
612 4835 740 4892 credebat
755 4835 890 4900 docebat,
906 4833 981 4904 quod
1006 4831 1122 4887 docebat

334 4930 508 4986 imitabatur.
524 4927 639 4998 Semper
652 4928 725 4985 enim
741 4935 806 4982 ante
823 4927 920 4982 ocolus
934 4926 994 4998 ejus
1005 4926 1064 4981 dies
1080 4924 1121 4979 ul·

333 5024 417 5079 timos
433 5021 606 5087 versabatur,
626 5034 790 5089 semperque
809 5033 887 5074 mens
912 5018 972 5089 ejus
986 5024 1120 5088 praecepta

333 5112 457 5171 coelestia
488 5111 682 5167 meditabatur.
708 5109 811 5165 litabat
834 5118 925 5165 autem
952 5107 1120 5178 frequenter,

331 5205 398 5277 qnia
408 5202 541 5259 didicerat
556 5202 629 5272 quod
648 5210 756 5271 oportet
774 5202 834 5257 sinc
852 5199 1006 5257 cessatione
1022 5197 1116 5254 lierni·

333 5314 399 5353 nuru
416 5312 523 5367 rogare.
552 5294 700 5366 Satagehat
719 5306 894 5365 magnopere
922 5308 957 5348 ne
981 5290 1121 5347 secundus

333 5390 465 5461 cuiquam
478 5389 505 5443 in
522 5388 652 5458 operibus
671 5386 750 5442 honis
765 5385 946 5440 inueniretur.
960 5382 1026 5439 Erat
1036 5381 1120 5437 etiam

333 5498 397 5554 erga
411 5482 459 5538 liei
472 5481 592 5537 lamolos
614 5479 693 5536 valde
709 5479 847 5533 hunuanus
870 5487 953 5548 atque
975 5475 1120 5545 benignus.

331 5575 502 5632 Chat-itatem
531 5587 597 5628 vero
629 5562 710 5641 snper
738 5570 831 5625 omnia
852 5568 955 5639 et‘ipse
972 5566 1121 5638 diligebat,

333 5676 362 5725 et
379 5666 508 5722 omnibus
528 5678 640 5721 seruare
670 5662 828 5717 mandabat.
856 5659 998 5716 Existehat
1028 5659 1123 5730 utique

333 5756 364 5814 io
379 5755 487 5812 cunetis
501 5754 613 5810 casibus
635 5752 744 5819 lirinus,
759 5753 908 5821 omniaque
933 5750 1047 5806 aduersa
1072 5765 1121 5820 pa·

333 5848 433 5904 tienter
453 5846 568 5903 terebat.
589 5842 715 5900 Pericula
735 5843 824 5898 aliena
842 5843 870 5897 in
888 5857 917 5897 se
944 5841 1126 5920 pertimesce--

334 5941 391 6007 bat,
406 5939 578 6013 aliorumque
589 5952 671 5994 casus
685 5952 752 5995 suos
764 5951 825 5992 esse
845 5933 996 6008 judicabat.
1027 5931 1122 5987 Finem

334 6047 446 6103 quoquc
460 6030 523 6087 rite
540 6046 597 6089 suae
611 6046 719 6103 serrrper
734 6026 938 6094 considerabat,
953 6033 1080 6083 statuens
1089 6039 1123 6080 ne

1173 4844 1281 4891 amator
1306 4836 1430 4907 pecunia
1454 4836 1516 4907 ejus
1541 4837 1742 4904 humanitatem
1766 4853 1799 4894 ac
1825 4838 1963 4909 parcimo-

1174 4929 1265 4995 niam,
1285 4928 1458 4985 derotionem
1485 4944 1598 5000 quoqne
1616 4938 1646 4985 et
1669 4928 1792 4986 studium
1814 4930 1962 4999 aspiciens,

1174 5038 1228 5078 non
1260 5022 1405 5080 eoulestim
1436 5024 1598 5080 admirando
1633 5022 1862 5093 obstupesceret?
1892 5021 1963 5077 Nam

1173 5113 1307 5185 quidquid
1332 5114 1469 5170 horrorum
1493 5114 1520 5168 in
1545 5113 1682 5185 principio
1706 5112 1845 5182 arripuit,
1875 5126 1965 5181 usque

1174 5208 1208 5262 ad
1231 5206 1312 5261 duem
1332 5207 1396 5261 uite
1413 5205 1496 5260 nullis
1507 5203 1625 5275 negotiis
1639 5218 1740 5274 passus
1753 5212 1796 5259 est
1807 5202 1961 5272 implicari:

1175 5297 1223 5355 sed
1247 5298 1383 5369 integrum
1409 5306 1436 5352 et
1452 5302 1579 5351 sanctum
1595 5294 1768 5365 propositum
1783 5307 1917 5360 servans,
1933 5294 1963 5351 in

1175 5387 1383 5456 nnllocoeptam
1412 5384 1534 5455 regulam
1557 5384 1751 5439 commutarit.
1780 5380 1839 5437 Sub
1867 5382 1962 5438 habitu
2013 5406 2020 5416 ³

1174 5475 1247 5532 enim
1265 5474 1378 5529 alterius
1397 5486 1504 5540 semper
1529 5471 1606 5526 alteri
1625 5469 1761 5537 militavit,
1775 5478 1803 5526 et
1828 5469 1964 5541 quidquid

1175 5566 1277 5622 hahere
1295 5562 1385 5634 potnit
1405 5561 1434 5616 in
1457 5558 1581 5627 mondo,
1605 5557 1719 5615 Christo
1743 5559 1855 5615 tradidit
1872 5567 1963 5614 exte·

1175 5669 1213 5714 to.
1237 5656 1361 5713 Pellebat
1385 5653 1474 5725 magis
1490 5668 1522 5707 ae
1537 5652 1624 5723 magis
1638 5652 1665 5708 in
1681 5650 1792 5723 vigiliis,
1807 5651 1836 5706 in
1849 5650 1963 5721 jejuniis

1175 5758 1257 5819 atque
1278 5748 1308 5804 in
1322 5742 1547 5812 charitatejlrat
1560 5742 1634 5797 enim
1657 5742 1685 5796 in
1711 5741 1894 5813 eleemosynis
1907 5740 1967 5795 lar-

1175 5858 1247 5913 gus,
1268 5834 1413 5911 invigiliis
1433 5834 1557 5904 sedulus,
1578 5835 1606 5891 io
1632 5835 1759 5891 oratione
1781 5830 1962 5899 devoramur

1176 5930 1310 5986 charitate
1336 5927 1496 5998 perlectus,
1526 5926 1555 5982 in
1577 5925 1732 5981 bumilitate
1760 5922 1906 5994 prolutus,
1933 5922 1962 5977 iu

1175 6021 1301 6079 doctrina
1318 6018 1484 6092 precipuos,
1503 6018 1531 6075 iu
1546 6030 1674 6077 sermone
1685 6024 1800 6088 paratus
1816 6057 1824 6090 ,
1839 6014 1868 6073 io
1881 6014 1960 6072 loca·
