4584 6767
323 577 376 635 679
584 629 590 640 ,
830 557 989 619 nituntut
1001 545 1279 616 centuariensis
1297 541 1510 607 lacuturtsc.
1903 535 1950 600 m

323 689 408 748 nutrita
424 684 600 759 probabiliter
625 679 776 745 elaborata,
800 675 849 733 set
875 691 891 731 a
918 674 1035 731 ueritate
1057 665 1112 726 tare
1128 670 1151 725 t
1166 674 1298 722 rrtanente
1312 674 1402 720 tamen
1420 659 1512 732 speeie
1530 653 1619 730 panis,
1639 654 1816 721 mirabiliter.
1840 666 1870 712 et
1886 656 1952 714 luei-

324 792 467 844 extranea.
480 791 590 847 quama
609 773 711 845 pietate
724 769 787 826 dalei
803 767 901 826 aliena.
915 764 1058 837 ,Quidquid
1080 763 1115 818 ab
1166 758 1296 824 labiliter.
1317 764 1346 813 et
1360 749 1677 824 incomprehensibiliter.
1691 749 1883 806 indubitanter
1894 763 1950 806 ere-

324 873 367 931 eis
384 884 449 927 uere
464 867 635 937 lhlelitcrque
660 859 887 932 comprehensum
905 864 1001 924 ethei
1020 854 1117 911 debui·
1166 851 1271 916 dimus.
1294 847 1365 920 quoti
1391 849 1430 903 ita
1453 856 1514 901 est:
1541 842 1677 915 quomodo
1697 850 1790 898 autern
1819 840 1875 898 boe
1896 841 1952 910 tlt,

327 974 394 1032 tum,
413 962 534 1017 huonon
550 956 659 1014 iliorum
675 952 1114 1025 est,setleius,quireritauesl.
1166 941 1256 998 ²dh¹¹0
1277 938 1439 1009 iimidiener
1471 936 1639 1009 Ῑιιΰθῑῦωῑῑί·
1661 932 1786 992 Midum
1814 933 1851 990 ὼ
1875 936 1952 990 '⁰¹⁸⁸
1997 1003 1998 1024 ,

326 1063 354 1110 et
379 1051 425 1122 qul
454 1049 589 1105 illuminat
615 1060 723 1103 omnem
747 1042 884 1100 hominem
912 1042 1066 1098 uenientem
1089 1042 1116 1098 in
1166 1035 1283 1098 selmum
1300 1032 1418 1088 sciemus
1437 1038 1528 1085 autem
1553 1038 1664 1099 portu.
1687 1026 1853 1084 011111*ῑῆ111
1876 1021 1951 1096 ΜΝ
1997 1051 1998 1114 3

327 1143 402 1200 tinne
425 1142 555 1196 natantium
569 1137 662 1209 (ioan.
682 1134 714 1205 ι),
737 1149 884 1205 perquem
908 1133 948 1190 eis
969 1148 1003 1189 ex
1026 1134 1116 1204 aitqua
1168 1124 1292 1197 mysterii
1307 1122 1335 1178 in
1361 1120 1538 1178 nobisiueril
1562 1129 1761 1176 corrsnmmata.
1775 1119 1952 1174 conum
1997 1123 1998 1162 1

327 1233 407 1304 parte'
422 1231 548 1287 ueritatis
573 1227 664 1283 iumen
690 1225 790 1282 illuxit.
817 1224 927 1281 Veritas
951 1224 1024 1281 enim
1047 1224 1116 1294 apud
1169 1208 1951 1285 tionemintlicatipsaconrersiopanisincorpuscbristi.

327 1337 518 1397 quemcunque
543 1320 711 1385 inueniatur,
732 1317 779 1373 liei
798 1325 851 1381 est,
868 1323 896 1371 ct
918 1331 970 1371 non
987 1315 1116 1381 hominis,
1169 1308 1280 1380 llystica
1297 1305 1370 1361 enim
1385 1313 1444 1370 ⁸⁵²2·
1456 1304 1615 1376 lituissfflni
1629 1302 1744 1376 tristem
1757 1302 1858 1372 11131111,
1873 1315 1952 1372 (im

329 1417 393 1487 qnia
419 1433 429 1467 ι
453 1413 542 1469 omnis
567 1411 650 1465 honio
662 1398 807 1476 mendax,
831 1409 903 1464 Deus
924 1416 1013 1463 autern
1036 1421 1118 1461 uerax
1168 1409 1297 1471 operatur
1316 1400 1343 1454 iu
1359 1398 1450 1454 nobis.

330 1505 418 1573 iilum.
437 1505 491 1574 ιιι).
507 1521 516 1556 ι
539 1498 675 1569 Quidquid
690 1512 755 1569 erqo
777 1498 947 1555 contrutinet
963 1498 1117 1562 veritatem,
1240 1489 1279 1544 De
1300 1492 1408 1560 nrpsticu
1420 1488 1614 1559 siqnificolionr
1628 1486 1782 1542 mutationis
1796 1486 1887 1556 paruit.

329 1605 357 1652 et
370 1594 482 1667 pietatis
503 1592 620 1647 iormam
640 1588 783 1645 diiilnituut
799 1588 937 1644 habebant
955 1597 982 1642 et
1001 1586 1119 1642 aliamu-
1204 1575 1383 1640 Attendamus
1398 1583 1505 1651 itaque,
1521 1580 1586 1648 qrritl
1601 1580 1638 1636 sit
1658 1580 1736 1650 panis
1754 1586 1820 1634 ante
1843 1592 1954 1634 courer·

332 1689 408 1752 baril,
429 1686 481 1740 hoc
505 1683 612 1737 illorum
630 1688 701 1746 erat,
717 1682 771 1735 hoc
795 1694 810 1733 a
831 1693 862 1736 se
884 1679 1022 1744 dicebant,
1043 1688 1071 1733 ct
1086 1678 1119 1734 tle
1170 1678 1285 1732 sionem.
1301 1673 1370 1741 Quid
1384 1674 1534 1734 citantem.
1548 1673 1799 1743 qnotidianadocet
1815 1672 1955 1742 experier-

330 1775 450 1847 propriis
463 1772 547 1828 locuti
561 1780 641 1838 sunt;
656 1770 783 1840 eliquari
798 1770 951 1826 coelestium
964 1784 1119 1825 saeraanen-
1171 1769 1219 1823 tia.
1233 1765 1402 1823 sustentatio
1416 1765 1489 1820 enim
1506 1765 1569 1820 uitur
1581 1772 1633 1828 est.
1646 1762 1693 1819 sed
1706 1764 1894 1820 transitoriae:
1909 1778 1955 1818 nee

332 1873 432 1927 torum,
452 1863 609 1934 ignorantes
626 1860 788 1929 sapientiam
811 1858 859 1915 Dei
887 1858 913 1913 in
926 1857 1055 1929 mysterio
1071 1858 1120 1912 ah·
1171 1866 1264 1914 rrranct
1282 1857 1354 1928 ipse,
1372 1871 1422 1912 nee
1434 1856 1489 1910 nita
1511 1871 1592 1925 otram
1616 1863 1762 1911 sustentat.
1777 1855 1828 1912 iiie
1845 1872 1896 1912 rtsu
1908 1872 1956 1911 stro

331 1953 496 2018 mentitam,
514 1968 523 2003 ι
540 1956 708 2006 erartuerunt
731 1947 759 2003 in
781 1946 992 2018 copientionibus
1008 1948 1075 2015 stris,
1091 1954 1119 2002 ct
1170 1948 1273 2015 delicit,
1292 1956 1321 2002 et
1333 1946 1389 2001 uita
1401 1944 1552 2001 deiciendo
1565 1944 1694 2016 preterit.
1709 1943 1769 2001 Non
1782 1944 1859 2000 valet
1875 1945 1954 1999 ritant

332 2046 507 2101 obscuratum
522 2052 564 2099 est
579 2041 711 2111 insipiens
724 2054 773 2096 cor
786 2053 892 2097 eorum.
908 2040 1031 2096 Dierntes
1044 2040 1115 2095 eninr
1168 2049 1298 2095 aeternam
1314 2048 1457 2108 praestare,
1471 2037 1515 2092 uix
1535 2036 1606 2092 uaiet
1629 2035 1714 2091 ritam
1730 2035 1912 2105 temporalem
1925 2035 1957 2091 ad

332 2151 364 2192 se
379 2149 440 2191 esse
456 2134 606 2206 sapientes,
622 2132 698 2188 stralti
716 2131 779 2186 lacti
793 2139 857 2187 sunt
880 2130 971 2203 (honr.
986 2132 1006 2201 ι)
1019 2149 1048 2187 r:
1068 2133 1118 2188 nri·
1169 2131 1306 2188 unitriirnm
1330 2140 1438 2202 tempus
1454 2139 1620 2187 sustentare.
1646 2130 1796 2200 Propterea
1827 2145 1898 2200 opus
1918 2141 1958 2186 est

334 2241 418 2294 roquo
432 2225 480 2279 ilci
491 2224 605 2295 judicio,
622 2223 668 2293 qui
682 2222 754 2278 inter
766 2220 890 2276 homines
901 2235 982 2291 supra
995 2219 1119 2277 homines
1169 2223 1326 2296 quotidiana
1344 2222 1511 2289 reiectione,-
1527 2222 1625 2279 dinrna
1636 2222 1690 2278 rita
1702 2221 1803 2279 diuinae
1818 2219 1956 2277 refectioni

333 2315 548 2377 aestimationes
566 2312 644 2383 quasi
658 2312 709 2368 soli
720 2312 868 2380 sapientes,
885 2310 928 2367 uel
943 2326 999 2382 pra·
1011 2311 1119 2367 caeteris
1170 2314 1294 2371 debetur.
1313 2312 1364 2381 Qui
1378 2312 1499 2382 qnotidie
1513 2311 1674 2382 iradigemns,
1688 2314 1732 2367 uix
1748 2322 1777 2368 et
1788 2326 1864 2383 aeqrc
1877 2325 1958 2381 usqua

333 2409 487 2479 sapientem
508 2422 581 2463 nunc
601 2421 656 2478 prae
677 2405 785 2461 caeteris
805 2414 937 2479 apparent
961 2406 1119 2477 insipienter
1170 2404 1204 2459 ad
1225 2403 1297 2460 diem
1324 2404 1432 2459 tertium
1457 2404 1634 2460 sarstincnaus.
1649 2403 1754 2475 corpus
1775 2414 1901 2459 nostrum
1919 2403 1958 2458 iu·

333 2501 424 2565 nobis,
438 2514 487 2572 per
502 2498 617 2569 qratiam
633 2497 692 2563 bet,
718 2499 814 2569 quide
835 2498 956 2555 tenebris
975 2512 1026 2554 nos
1040 2512 1119 2554 uoca-
1171 2497 1279 2553 hrmum
1295 2506 1322 2553 et
1341 2495 1436 2568 irapiie
1458 2497 1605 2567 multisque
1629 2496 1853 2565 corruptionibus
1874 2503 1904 2551 et
1918 2494 1957 2550 itt·

333 2591 374 2649 rit
388 2591 415 2647 in
433 2590 592 2645 admirabile
612 2588 703 2645 lumen
716 2603 807 2646 suum.
822 2586 909 2645 Verus
929 2587 1062 2660 siquidem
1078 2596 1120 2643 est
1171 2588 1345 2645 iirm'rtatihus
1372 2587 1522 2644 obaroxium
1548 2588 1614 2642 ilum
1642 2586 1773 2653 relicitur,
1801 2585 1910 2656 delicit:
1930 2591 1957 2642 el

334 2696 445 2748 sermo,
466 2681 512 2751 qui
530 2682 650 2751 scriptus
673 2687 741 2735 est:
767 2678 941 2736 tiniatuatus
963 2688 1007 2736 est
1030 2680 1120 2736 omnis
1171 2682 1292 2751 qnotidie
1313 2682 1378 2739 tium
1395 2683 1573 2747 instauratur,
1589 2680 1709 2747 iatiseit,·
1730 2682 1844 2749 vitaque
1859 2688 1957 2736 morta-

333 2772 416 2828 homo
442 2772 477 2826 ah
502 2771 668 2843 sapientiai
696 2769 778 2827 Fides
798 2770 891 2842 itaque
914 2781 1007 2827 nostra
1031 2773 1120 2828 uerbis
1172 2772 1280 2829 iistlum
1299 2783 1326 2828 et
1347 2774 1409 2829 cibo
1424 2781 1602 2841 sustentetur,
1620 2772 1834 2843 praeterlabitur.
1847 2782 1876 2828 et
1897 2773 1957 2828 dura

334 2863 420 2933 ipsius
441 2860 501 2926 [lei.
524 2861 700 2918 immobiliter
716 2861 844 2930 lundata,
863 2862 967 2919 incerto
989 2861 1121 2918 humana·
1173 2864 1303 2930 nutritur,
1325 2864 1467 2928 minuitur,
1491 2872 1520 2919 et
1543 2863 1570 2919 in
1588 2874 1702 2918 mortem
1716 2876 1828 2931 semper
1840 2875 1957 2932 preceps

334 2968 394 3010 rum
418 2952 576 3024 opinionum
600 2967 653 3008 non
675 2952 806 3021 iactatur,
823 2953 893 3009 sient
913 2952 1070 3008 nutabunda
1092 2963 1121 3010 et
1174 2955 1239 3020 rnit,
1258 2957 1322 3010 alum
1338 2956 1495 3026 quotidiana
1518 2955 1694 3012 relectiones
1714 2963 1805 3012 morte
1819 2953 1957 3018 differtur:

334 3041 484 3109 lluctnanst
504 3044 552 3099 secl
572 3043 687 3097 ueritate
706 3043 835 3108 subnixa,
856 3050 885 3097 et
908 3057 989 3113 stuprer
1015 3045 1119 3098 ilrrnatn
1172 3058 1200 3102 et
1214 3058 1305 3104 utusu
1331 3049 1434 3114 euenit,
1459 3048 1535 3103 cibus
1563 3064 1644 3106 carisa
1670 3049 1796 3106 sanitatis
1819 3049 1957 3120 quaesitus,

334 3144 441 3203 petram
473 3135 572 3190 diuinae
605 3133 776 3188 auctoritatis
802 3132 934 3200 solidata,
961 3134 1120 3191 inconcussa
1173 3155 1269 3196 canem
1296 3139 1382 3195 morbi
1409 3147 1541 3209 pencrat3
1566 3148 1594 3195 et
1618 3140 1663 3197 nbi
1689 3142 1902 3212 uitaquaerilur.
1922 3139 1957 3198 ibi

334 3234 443 3282 constat
456 3235 484 3282 et
498 3225 674 3291 ittcouunisa3
689 3236 717 3281 ct
730 3226 752 3281 si
766 3225 830 3293 quid
845 3225 1049 3284 diffinitionibus
1061 3230 1121 3298 phi-
1168 3245 1247 3302 „auom
1266 3229 1414 3286 inuenitur.
1437 3227 1520 3283 Partis
1535 3244 1600 3299 erqo
1623 3231 1674 3286 iste
1697 3232 1849 3289 tlcstruitur
1866 3242 1894 3289 el
1913 3248 1958 3304 pe-

334 3318 509 3387 iosophornm
522 3319 693 3374 eontrarium
710 3319 841 3380 continet.
858 3319 955 3373 cerbere
968 3319 1048 3375 ucbot
1062 3321 1121 3390 opi·
1135 3340 1157 3397 C
1175 3321 1220 3386 rit,
1236 3336 1285 3376 noc
1297 3331 1438 3390 permanet
1449 3326 1476 3377 in
1493 3323 1576 3380 vitam
1589 3338 1731 3381 eternam.
1744 3325 1852 3398 Corpus
1864 3327 1960 3382 nihilu-

335 3409 382 3464 nio
397 3407 516 3475 ueritati,
533 3416 563 3463 ut
579 3409 681 3464 ueritas
697 3409 759 3463 lirici
776 3411 803 3464 in
815 3411 943 3466 orrtnibus
962 3412 1121 3482 triumphet,
1175 3411 1267 3464 nrinns
1295 3410 1444 3467 destruitur
1463 3421 1493 3467 et
1518 3415 1600 3484 perit.
1627 3414 1696 3472 Esca
1721 3418 1795 3471 enim
1823 3417 1912 3474 neutri
1934 3425 1959 3474 cl

335 3500 478 3554 destruens
499 3513 607 3554 omnem
632 3499 802 3552 altitudinem
822 3485 1000 3557 extoiletttem'
1024 3517 1053 3557 se
1074 3505 1123 3556 atl-
1173 3512 1267 3557 venter
1285 3504 1373 3570 escis3
1402 3505 1474 3561 Dens
1500 3516 1590 3562 antem
1612 3509 1684 3564 hunc
1707 3519 1734 3565 el
1755 3510 1807 3568 hat
1827 3512 1959 3570 cernet.

336 3604 433 3644 rursus
452 3587 595 3643 seientiam
610 3586 670 3653 ilci,
689 3596 716 3643 et
737 3587 764 3641 in
777 3587 967 3649 captiuitatem
987 3589 1123 3657 redigens,
1174 3592 1241 3646 Curat
1257 3593 1387 3661 absorpta
1403 3592 1487 3650 luerit
1498 3611 1572 3652 mors
1584 3598 1612 3652 in
1627 3600 1754 3667 victoria,
1770 3616 1833 3660 cum
1848 3580 1961 3658 mortale

336 3693 446 3734 omnem
457 3677 622 3733 intellectum
638 3678 664 3732 in
679 3678 838 3748 obsequium
857 3677 972 3733 Christi.
986 3676 1122 3747 Quidqn‘tl
1174 3682 1225 3735 boc
1245 3681 1363 3739 iratiuerit
1383 3684 1626 3756 immortalitatem,
1641 3698 1706 3747 lunc
1725 3693 1809 3748 ritant
1830 3702 1960 3750 eternam

335 3771 364 3827 in
378 3770 516 3842 mysteriis
529 3768 590 3823 lidci
604 3783 652 3825 sua
668 3767 853 3838 personalitate
876 3768 984 3825 modum
998 3769 1124 3824 bumanae
1174 3771 1282 3840 corpori
1296 3775 1447 3841 praestabit,
1462 3791 1515 3831 non
1532 3776 1610 3833 cibus
1623 3779 1674 3835 iste
1686 3781 1734 3851 qni
1746 3784 1814 3853 pert
1826 3787 1875 3842 eati
1884 3787 1962 3843 cilius

335 3860 522 3931 intelligentie
545 3861 673 3923 excedit,
705 3871 734 3915 et
758 3857 828 3914 dnes
858 3859 983 3915 ltnntanae
1010 3861 1125 3915 rationis
1174 3863 1220 3931 quai
1238 3873 1380 3934 permanet
1395 3865 1422 3921 in
1437 3866 1520 3922 uitam
1541 3872 1810 3932 eternatn.iltterrde
1829 3875 1961 3933 uirtutem

337 3956 516 4022 transcendit,
538 3953 594 4012 lieo
615 3955 836 4011 cortamittendum
860 3963 912 4019 est,
934 3954 1014 4020 eique
1038 3966 1124 4008 reser-
1174 3954 1353 4011 sacramenti.
1372 3956 1497 4014 ilecreuit
1510 3958 1581 4016 Deus
1604 3964 1719 4021 mortale
1736 3966 1961 4025 hocimntortali·

336 4048 476 4113 reundum,
500 4048 546 4117 qui
571 4056 692 4117 tempore
716 4055 869 4117 opportuno
898 4046 1027 4116 erp-steria
1053 4060 1125 4099 nuttc
1175 4056 1230 4101 tate
1247 4049 1346 4103 restire
1366 4059 1395 4105 et
1415 4052 1556 4109 mortalem
1572 4055 1655 4111 uitam
1681 4058 1708 4114 ira
1726 4045 1810 4117 vitani
1828 4070 1960 4120 mleruam

335 4147 430 4209 aperta
447 4139 577 4194 revelabit
598 4140 656 4204 his,
674 4139 718 4209 qni
737 4139 826 4193 serbis
842 4137 926 4209 ipsius
946 4136 1062 4192 debitam
1079 4152 1123 4192 ro·
1176 4134 1338 4191 transferre·
1353 4135 1498 4209 Propterea
1511 4142 1602 4198 cibum
1619 4144 1645 4200 in
1662 4147 1751 4204 cilium
1770 4152 1897 4220 tenurit,
1912 4170 1961 4226 pa·

340 4229 494 4285 verentiam
508 4230 683 4296 exhibentes,
697 4230 810 4284 hrttaiter
823 4239 850 4284 et
868 4229 982 4284 fideliter
995 4228 1122 4295 rretlnnt;
1176 4242 1236 4281 nem
1254 4225 1316 4282 tite
1334 4228 1362 4285 in
1385 4244 1483 4299 tratrem
1500 4233 1575 4300 uita),
1597 4236 1644 4292 scti
1660 4254 1757 4310 panum
1780 4241 1844 4299 tite
1864 4247 1962 4303 ιηηιι.

311 4349 313 4354 ·
337 4336 392 4377 non
418 4320 574 4377 lrmsitantes
594 4323 628 4378 de
651 4322 704 4377 lide
725 4322 883 4386 uerborum,
906 4323 1031 4390 quatiaris
1055 4320 1125 4375 ratio
1176 4319 1252 4372 terim
1268 4319 1295 4373 in
1311 4335 1408 4388 panem
1428 4325 1490 4378 uitae
1506 4334 1625 4393 aeternae,
1640 4336 1670 4383 ut
1692 4339 1719 4385 ct
1741 4333 1894 4392 mutatione
1907 4336 1960 4394 eibi

337 4414 411 4469 modi
432 4413 541 4469 interim
561 4430 614 4469 non
630 4413 748 4469 eluceat.
770 4413 832 4469 i'ult
846 4413 920 4468 enirn
940 4413 1010 4468 bears
1024 4427 1124 4467 arcam
1176 4409 1202 4463 in
1217 4412 1308 4465 cibatur
1323 4411 1451 4467 credatur
1469 4425 1496 4469 ct
1516 4414 1693 4487 intelligatur,
1710 4431 1850 4493 speretur,
1861 4434 1890 4484 et
1912 4443 1961 4483 η.

336 4520 385 4560 sna
402 4505 491 4572 nohis,
507 4513 562 4560 ela
583 4505 662 4561 nohis
677 4505 762 4571 credi,
783 4505 831 4561 sed
846 4506 955 4560 tinnulum
970 4505 1003 4559 ati
1020 4515 1125 4574 tempus
1174 4511 1312 4571 spectetur
1327 4505 1445 4559 mutatio
1464 4508 1589 4563 mortalis
1604 4515 1666 4565 ritae
1680 4513 1707 4567 in
1726 4514 1907 4576 immortalem
1920 4522 1961 4577 ri·

338 4597 478 4668 ignorari,
500 4608 530 4652 ut
544 4598 644 4652 haheat
663 4598 730 4652 illies
744 4598 887 4663 merhum,
911 4605 938 4652 et
960 4596 1034 4666 qnod
1053 4611 1125 4652 rtunc
1176 4602 1243 4662 tarn,
1260 4600 1296 4650 'ut
1316 4594 1380 4650 dnm
1404 4598 1585 4655 mutabilitate
1607 4611 1761 4671 temporum
1786 4609 1821 4664 ad
1846 4620 1960 4668 nortem

336 4688 473 4742 occrrltnnr
492 4696 545 4753 est,
568 4698 723 4744 reservetur
738 4689 772 4742 ad
795 4690 947 4758 praemium.
968 4688 1054 4744 iiarhet
1069 4692 1121 4741 ita·
1137 4675 1160 4729 Ι)
1176 4686 1329 4753 lralrimur,
1353 4686 1410 4756 ipsa
1438 4689 1526 4744 morte
1550 4691 1577 4745 in
1596 4693 1691 4749 recline
1704 4698 1826 4754 mutandi
1846 4708 1958 4758 rnurteta

336 4792 392 4847 que
410 4778 570 4847 sitttplicitas
583 4779 645 4833 ihici
661 4780 731 4847 piam
747 4780 944 4835 conscientiam
966 4779 992 4832 in
1007 4779 1050 4842 iis,
1063 4791 1123 4847 qum
1176 4791 1227 4830 non
1241 4778 1396 4843 timeamus,
1409 4781 1472 4849 quia
1484 4795 1546 4851 spes
1559 4793 1652 4838 nostra
1665 4784 1870 4847 irutnorlalitate
1880 4792 1958 4862 plena

338 4869 410 4926 heus
424 4871 560 4926 emendo
587 4871 743 4939 ntatadauilj
767 4873 838 4940 piam
861 4886 927 4926 vero
945 4872 1122 4941 igriounttt'attt
1174 4877 1225 4921 cst.
1244 4867 1350 4924 iiotniui
1366 4872 1466 4942 qnippe
1489 4874 1608 4941 inhrrno,
1628 4885 1656 4932 el
1677 4877 1710 4934 de
1726 4877 1887 4939 infirmitate
1900 4897 1959 4954 per·

337 4961 367 5016 iu
381 4959 426 5026 iis,
440 4976 500 5031 qum
520 4977 574 5018 uon
597 4962 742 5032 quaerentia
768 4959 919 5017 abscondit.
936 4960 1055 5031 iitroque
1074 4976 1123 5016 au·
1175 4956 1244 5013 seete
1268 4960 1407 5026 curando,
1428 4962 1519 5017 cibum
1547 4967 1644 5020 nnatari
1668 4968 1810 5036 oportuit.
1836 4969 1958 5030 ntulisti

336 5061 412 5119 tent,
439 5053 527 5125 pietas
557 5055 732 5110 conscientie
755 5055 880 5121 seilicet,
907 5065 935 5112 el
960 5056 1122 5126 ignorantia,
1174 5050 1235 5104 cibo
1251 5051 1326 5106 uetiti
1352 5061 1380 5108 et
1402 5053 1523 5110 lethileri
1545 5057 1598 5112 cibi
1614 5057 1717 5114 malitia
1739 5039 1960 5131 curaretur‚ciiti

333 5148 408 5219 apud
430 5146 513 5202 Ιιοιιιιι
538 5147 758 5217 pioriambahel
778 5159 805 5205 et
821 5148 935 5216 laudem,
965 5151 1024 5205 ium
1048 5165 1123 5208 mene
1174 5144 1296 5197 concessi
1324 5143 1494 5214 imperiectio
1516 5147 1726 5206 instauraretur.
1748 5151 1834 5210 Cibus
1861 5155 1960 5212 retitur

336 5237 455 5292 burnana
469 5254 562 5295 coram
575 5238 630 5295 lieo
646 5239 813 5307 humiliatur,
826 5243 962 5297 utcredat
975 5242 1121 5311 quartiisit,
1174 5249 1228 5288 11011
1256 5235 1343 5303 potuit
1367 5236 1420 5291 liiii
1446 5237 1547 5295 inferre
1567 5250 1694 5308 mortem,
1717 5242 1797 5300 cibus
1815 5260 1960 5304 totttwt

334 5335 394 5383 eta
416 5329 534 5399 superba
555 5339 583 5386 et
605 5331 713 5388 curiosa
740 5333 915 5403 inquisitione
930 5335 1120 5404 compescitur,
1175 5341 1227 5380 nou
1248 5328 1336 5397 potuit
1350 5329 1402 5384 arisi
1417 5329 1527 5386 dill'erre
1545 5343 1678 5402 mortem,
1695 5325 1866 5394 nisi'Christi
1880 5339 1960 5396 bese-

230 5455 233 5459 -
336 5430 372 5472 ne
383 5429 560 5490 quaeratque
575 5422 721 5510 noudiait.
736 5421 886 5493 iitrohiqne
898 5438 965 5494 crgo
981 5424 1047 5479 ides
1060 5439 1122 5493 pro·
1173 5419 1292 5473 dictione
1307 5430 1428 5475 uertatur
1442 5421 1469 5476 in
1483 5423 1588 5491 cibum,
1602 5424 1649 5497 qui
1665 5436 1755 5496 polest
1767 5425 1963 5487 auferremus

335 5504 392 5561 ilcit
415 5507 449 5563 ad
471 5509 611 5577 meritum,
635 5520 663 5567 et
684 5513 711 5568 in
732 5523 846 5584 utraque
863 5514 1035 5584 simplicitate
1057 5530 1122 5569 con·
1174 5519 1237 5564 lem.
1264 5511 1458 5568 substantialis
1485 5518 1598 5571 ululatio
1623 5518 1701 5587 panis
1728 5519 1785 5574 ueri
1811 5520 1839 5575 in
1864 5535 1962 5579 uernat

335 5593 452 5652 lidcuter
467 5599 586 5668 suspirat
601 5602 635 5656 au
650 5604 807 5672 preminm3
828 5621 837 5656 ι
852 5603 899 5674 qui
913 5605 985 5659 enim
1001 5604 1122 5659 arrrbulat
1173 5615 1273 5671 corpus
1294 5601 1416 5670 Christi,
1433 5606 1611 5664 mutationem
1634 5610 1758 5665 mortalis
1777 5612 1841 5667 uitas
1860 5610 1889 5667 lo
1912 5612 1963 5667 iut-

334 5683 506 5755 simpliciter,
521 5689 642 5746 ambulat
654 5691 820 5748 cotaildenter
833 5689 923 5762 (Pron.
942 5692 979 5761 a).
995 5693 1120 5762 ‹Simpii-
1173 5693 1317 5748 tator-talem
1337 5696 1420 5749 ritant
1437 5697 1480 5752 sic
1500 5698 1702 5769 quodammodo
1716 5712 1860 5772 operatur,
1880 5701 1963 5758 etsie

334 5773 407 5830 citer
425 5789 493 5847 erqo
515 5788 544 5833 et
566 5779 745 5847 conidertter,
769 5781 883 5838 irruiter
902 5792 930 5838 et
952 5791 1120 5850 corratanter,
1173 5785 1322 5854 significat,
1338 5797 1367 5842 nt
1390 5797 1481 5844 tamen
1501 5804 1535 5845 ex
1558 5790 1647 5862 aliqua
1662 5803 1738 5862 parte
1756 5793 1898 5851 dissimilis
1915 5793 1962 5861 sit.

337 5870 488 5933 teneamus,
499 5869 653 5936 credamus,
665 5880 693 5926 ct
704 5873 894 5938 conbtcamur,
911 5873 983 5943 quod
996 5875 1121 5930 substan·
1173 5884 1200 5927 ct
1214 5889 1247 5929 es
1261 5876 1350 5946 aliqua
1364 5888 1441 5948 parto
1454 5879 1564 5937 similis.
1590 5880 1667 5949 iiam,
1697 5891 1728 5938 ut
1742 5884 1782 5939 ait
1795 5883 1962 5956 Apostolus:
1983 5887 1990 5904 ¹

283 6021 286 6026 ¹
307 6025 312 6034 ι
337 5955 376 6012 ιιι
397 5958 477 6021 nanis
500 5960 526 6015 in
549 5961 727 6020 substantiam
748 5967 841 6022 cureris
864 5965 967 6023 Christi
989 5975 1119 6034 mutatur,
1176 5983 1185 6016 ι
1203 5964 1277 6023 Unus
1290 5972 1367 6038 partis
1380 5985 1462 6026 uarum
1475 5987 1572 6044 corpus
1591 5973 1668 6031 nmiti
1686 5990 1792 6046 tutatus,
1803 5991 1902 6034 omues
1915 5975 1960 6042 uui
