4584 6767
916 578 1431 643 nmnmrsmunsnmcson.
1451 563 1605 654 uonicur
1991 579 2044 636 ros

458 695 651 753 Verumtamen
663 707 713 763 pro
730 692 788 752 suis
804 692 1011 753 enormitatibus
1024 696 1137 753 flumana
1149 698 1207 755 sin·
1221 708 1246 768 A
1563 698 1678 759 CAPUT
1696 696 1743 756 tx.

422 785 495 859 sulla
504 784 732 858 peregrinabatur
745 785 837 851 annis»
852 786 1096 859 apostolorumque
1112 789 1206 848 iimina
1294 796 1354 855 fana
1375 793 1503 855 triennali
1520 792 1643 865 patibulo
1657 790 1814 848 Victorinus
1829 785 2045 855 rariscebant

422 876 496 935 Petri
510 877 627 939 etiauii
644 878 791 934 revisebat.
804 877 881 946 <Quid
901 887 992 936 autem
1012 880 1063 938 lsoc
1078 883 1209 953 proderat
1258 903 1342 948 carne
1354 865 1531 954 nunspiritu,
1547 890 1576 938 ut
1589 882 1615 937 in
1627 896 1660 937 eo
1675 866 1810 953 feraciter
1822 876 1887 934 iliud
1902 877 1989 934 sancti
2003 874 2045 936 'rf-

421 982 452 1039 qe
466 983 520 1027 nou
531 969 706 1034 emendanti?
718 969 898 1042 Posteaquam
911 972 1096 1044 repatriasset,
1107 983 1142 1047 pt
1158 990 1206 1032 cau
1257 988 1363 1036 seretur
1376 995 1383 1033 :
1398 975 1498 1032 indutu
1513 984 1550 1031 est
1566 988 1628 1029 raro
1646 988 1703 1026 meo
1726 970 1863 1041 putredine
1879 979 1903 1024 et
1921 969 2045 1029 sordidas

420 1061 463 1126 nis
476 1061 510 1119 ati
525 1061 667 1129 vomitum,
678 1071 709 1119 ut
726 1078 774 1120 sus
786 1064 821 1120 ati
835 1063 1005 1120 volutabrum
1025 1062 1086 1132 lutl,
1101 1064 1135 1123 ad
1154 1065 1207 1122 ltn-
1255 1072 1385 1143 patuerim
1407 1070 1475 1124 cutis
1497 1083 1555 1123 mco
1569 1066 1643 1123 uruit
1665 1073 1690 1121 ct
1712 1072 1847 1118 contrecto
1867 1070 1922 1128 sst‚·
1938 1079 2045 1131 compa·

419 1153 582 1216 munditiam
591 1157 780 1216 revertebatur
790 1172 843 1216 nou
854 1158 1005 1231 moenium
1017 1158 1127 1226 stultus,
1141 1159 1205 1232 qnia
1257 1172 1402 1218 ratusratus
1418 1160 1488 1226 fato,
1501 1170 1525 1214 et
1541 1157 1704 1214 assimilatus
1723 1173 1781 1211 suns
1803 1155 1903 1225 fuuiiiae
1920 1162 1945 1209 ef
1960 1156 2044 1210 cineri

418 1243 457 1301 aii
485 1242 559 1310 salet
583 1245 754 1316 penitentis,
780 1247 831 1305 nisi
853 1235 1013 1310 emendetur
1035 1248 1126 1320 culpa.
1153 1232 1206 1316 fisi
1255 1250 1647 1329 (doitrancumrcnerabiiis,
1660 1246 1872 1320 quemprndiri,
1886 1247 2041 1318 episcopus,

418 1336 596 1405 lssbllwlfrf
609 1347 723 1404 mildo,
739 1339 805 1396 dicit
817 1339 886 1412 liber
898 1339 1054 1410 Sapientia..
1070 1342 1202 1397 stiterunt
1255 1355 1283 1402 et
1296 1354 1352 1401 tuta
1366 1344 1484 1413 undique
1496 1342 1596 1397 vicinia
1609 1349 1690 1396 tantae
1702 1337 1898 1394 satisfactionis
1910 1335 2041 1392 instantia

418 1426 501 1495 tanqu
515 1441 584 1491 eunt,
597 1427 662 1499 quid
671 1428 776 1498 proficit
791 1429 888 1484 formio
898 1429 972 1485 iltius
983 1428 1047 1486 &Sic
1059 1430 1148 1498 bomo,
1159 1432 1204 1503 qui
1254 1434 1447 1496 etattritione
1463 1440 1627 1503 compuncta
1648 1430 1728 1485 irruit
1750 1431 1784 1485 ad
1806 1428 1912 1496 locum,
1929 1443 1961 1484 ac
1975 1428 2040 1484 licet

412 1515 518 1587 ‚ieiunat
531 1517 559 1572 iss
572 1519 685 1589 peccatis
709 1520 764 1584 ssis
778 1530 801 1576 st
814 1520 909 1576 iterum
921 1521 1011 1578 eadem
1027 1521 1128 1591 foriens
1139 1523 1203 1594 qaid
1253 1527 1369 1584 inritum
1396 1525 1616 1594 renitentemque
1639 1536 1673 1577 ex
1699 1521 1745 1577 iiia
1772 1520 1901 1587 enodavit
1924 1520 2037 1585 arbore,

415 1607 520 1678 proficit
540 1609 704 1667 asntttrruo
717 1613 766 1668 sei
785 1611 938 1668 Orationem
952 1600 1030 1668 'esim
1053 1613 1125 1669 iltius
1142 1616 1202 1686 qais
1252 1616 1470 1673 victoriosiorem
1490 1614 1583 1684 utique
1602 1611 1658 1679 illo,
1674 1612 1720 1683 qni
1733 1626 1795 1668 nos
1813 1620 1867 1666 tam
1888 1608 2037 1667 confusibi-

347 1710 349 1715 ·
415 1699 666 1771 wasdbtifficcfi.
680 1702 785 1774 aaran.)
1251 1704 1316 1761 liter
1342 1704 1483 1761 innodarit
1507 1694 1619 1760 vetitam
1646 1703 1833 1772 praesumendo
1857 1700 1982 1757 arborem
2007 1701 2035 1756 in

450 1788 528 1848 Nouo
542 1790 634 1860 itaque
647 1808 720 1850 anno
732 1809 793 1850 cum
807 1794 839 1851 de
852 1794 937 1859 Roma
952 1796 1076 1858 irritator
1086 1797 1206 1873 redimet
1250 1795 1388 1867 paradiso.
1417 1793 1612 1851 Verumtamen
1642 1792 1716 1847 illius
1744 1789 1922 1849 austeriorem
1953 1804 2035 1863 quam

416 1880 473 1950 ille,
490 1882 618 1939 borrtoes
642 1893 729 1942 morte
748 1885 863 1955 interiit,
880 1889 1109 1959 quandoquidem,
1127 1891 1200 1963 qnod
1250 1884 1448 1956 praemiserim,
1473 1881 1571 1962 fnisse¹
1582 1880 1773 1951 penitentiam
1795 1888 1823 1936 et
1842 1878 2035 1935 mirabiliorem

416 1970 490 2029 dictu
502 1986 612 2042 ottoque
626 1973 780 2044 pudendum
800 1976 848 2043 sit,
864 1977 936 2033 inter
952 1978 1041 2034 fetidae
1054 1978 1201 2051 uoluptatis
1250 1976 1430 2034 absolutionis
1453 1975 1562 2031 modum
1578 1973 1646 2029 alias
1658 1972 1729 2044 legi,
1749 1971 1821 2042 quod
1843 1972 1947 2027 scilicet
1966 1985 2036 2041 prae·

415 2063 557 2135 ampiexus
570 2067 706 2124 cabalarit
718 2059 837 2128 animm
854 2070 951 2131 inferni
963 2072 1097 2135 fetoribus
1108 2073 1199 2132 intrn·
1215 2041 1329 2124 Bdicta
1348 2065 1455 2124 arboris
1476 2079 1543 2121 caro
1560 2073 1703 2135 utramque
1719 2077 1828 2117 manum
1844 2061 1994 2129 incluserit,
2007 2068 2035 2119 et

414 2153 541 2211 rendam.
595 2155 598 2162 '
1247 2163 1282 2231 de
1297 2159 1343 2216 illa
1366 2157 1486 2214 triennio
1502 2165 1602 2212 terram
1625 2154 1739 2225 pedibus
1758 2168 1812 2210 noa
1830 2153 1969 2223 attingens
1986 2167 2035 2234 pc·

448 2244 648 2305 recuruatae
666 2249 737 2306 idem
751 2254 996 2322 apadnosrcccnti
1010 2256 1199 2327 temporcnon
1248 2252 1387 2325 penderit,
1416 2258 1498 2319 atquc
1521 2247 1584 2319 dum
1606 2245 1740 2302 violenter
1763 2259 1779 2301 a
1804 2243 1903 2315 populo
1932 2243 2031 2315 deponi

413 2333 534 2404 ignoras.
547 2335 670 2395 llilitaris
683 2340 793 2411 qnidam
808 2343 953 2404 admodum
967 2347 1106 2406 menbris
1116 2358 1144 2405 er
1158 2351 1198 2407 in.
1250 2343 1339 2410 reflat,
1356 2342 1510 2399 triduanum
1526 2327 1720 2410 supplicaverit
1734 2335 1880 2407 superbae
1896 2332 2032 2406 jejunium

413 2431 555 2483 aestuosus
568 2441 630 2482 cum
645 2439 726 2487 noctu
741 2433 863 2490 tenderet
882 2435 917 2491 ad
935 2434 1069 2495 officinam
1081 2439 1200 2511 pellicis,
1248 2435 1318 2501 interi,
1331 2431 1409 2488 etita
1422 2431 1530 2486 ebatum
1549 2442 1597 2500 per
1618 2428 1706 2499 ignem
1729 2426 1838 2483 creticus
1850 2439 1912 2480 eum
1931 2423 2031 2480 tonitru

413 2520 513 2570 tetrum
532 2515 586 2574 imo
612 2517 816 2590 intolerabilem
830 2539 860 2582 se
888 2533 1015 2597 putorem
1033 2531 1136 2589 sentire
1150 2549 1199 2591 es·
1247 2535 1371 2582 rttcntcm
1386 2523 1526 2584 laxatum.
1548 2518 1663 2588 exustis,
1685 2517 1784 2589 quibus
1801 2514 1890 2572 fuerat
1915 2515 2033 2592 constri-

411 2602 540 2662 flemill
553 2607 587 2663 21¹
607 2609 782 2668 comitantem
796 2629 827 2670 sa
847 2616 1025 2687 armigerum.
1041 2622 1091 2676 oin
1108 2621 1198 2680 illene.
1247 2626 1327 2682 ctus,
1350 2613 1446 2679 nodis,
1468 2626 1522 2668 non
1549 2610 1654 2668 arinore
1676 2607 1804 2671 videlicet
1826 2603 1985 2677 placationis
1998 2602 2032 2658 ad

410 2693 469 2751 bris
488 2697 591 2754 abusus
614 2701 712 2757 merito
733 2702 780 2760 tali
801 2709 953 2776 prenuntia
975 2710 1013 2765 uti
1029 2711 1156 2779 debebat,
1169 2723 1197 2771 st
1246 2705 1330 2762 Deum
1352 2704 1469 2770 ῖῦᾶῑθῑθι
1489 2716 1571 2774 ‘1¹¹³¹¹¹
1593 2715 1656 2758 ⁰⁰⁰¹
1680 2697 1801 2771 fllllssffl
1821 2695 1931 2751 9²¹ffl¹¹¹
1956 2693 2032 2749 ¹¹⁰¹⁰⁸

425 584 474 646 lii

310 2814 316 2821 ·
410 2797 558 2856 praenosse,
578 2789 668 2874 qualis
683 2800 758 2849 aare
774 2793 1002 2856 oblectamentum
1025 2812 1131 2859 maneat
1148 2818 1196 2859 su.
1246 2806 1342 2855 causta
1368 2810 1487 2866 superno
1511 2794 1630 2866 quodam
1654 2789 1865 2848 assumebantur
1892 2785 2029 2842 incendio·

410 2874 558 2946 inpransus,
573 2880 671 2940 eadem
685 2894 765 2942 nocte
780 2888 980 2948 meretricando
994 2902 1022 2960 et
1042 2893 1100 2965 ipse
1113 2875 1196 2951 miin-
1246 2888 1297 2956 Qui
1309 2902 1375 2959 erqo
1392 2887 1522 2959 patientia
1539 2888 1625 2957 ipsam
1638 2883 1749 2941 uicisset
1762 2879 1880 2938 bominis
1893 2884 2030 2943 naturam,

409 2976 499 3025 ‘³¹⁰⁸-
1245 2978 1385 3051 spectabili
1411 2978 1556 3034 sanctitate
1575 2990 1608 3033 ac
1623 2976 1703 3031 modo
1722 2972 1831 3029 virebat
1843 2966 2030 3041 angelorum,

445 3057 512 3114 pann
540 3069 631 3117 autem
663 3066 797 3123 demissas
827 3087 959 3143 usquequo
988 3091 1062 3146 pron
1091 3079 1196 3134 corne?
1245 3067 1880 3141 operationerirtutumapostolicusetcoatra
1895 3061 2030 3118 demam

410 3144 666 3219 (nortmanniam
686 3156 764 3212 nrnlti
784 3158 897 3220 libidine
917 3164 1071 3236 nigrantur,
1090 3175 1194 3238 etquo-
1244 3163 1418 3231 victoriosus,
1440 3163 1540 3218 etenim
1561 3176 1659 3218 manus
1676 3159 1789 3218 ¹Ilortnini
1809 3169 1872 3237 erat,
1888 3175 1950 3229 euru
1969 3160 2029 3228 illo.

409 3239 483 3294 niam
503 3242 643 3300 uattorssr
654 3247 773 3316 minitas
786 3262 823 3307 sst
837 3271 961 3310 numeres
972 3256 1072 3326 (ficas.
1083 3258 1115 3327 a),
1127 3269 1195 3330 quot
1245 3254 1403 3326 Propterea,
1413 3253 1478 3310 cleri
1489 3268 1522 3309 ac
1532 3252 1621 3324 populi
1634 3251 1845 3309 votitoassensu
1855 3252 2031 3310 Amiternina}

408 3337 483 3397 sunt,
498 3331 544 3401 qai
559 3336 695 3397 candeant
708 3343 853 3399 castitate?
867 3344 920 3401 Sed
938 3351 1115 3418 praetenditur
1126 3364 1227 3421 conc
1244 3345 1348 3401 letatus
1369 3354 1412 3401 est
1431 3343 1507 3400 urbis
1534 3343 1676 3413 spiscopus
1689 3342 1764 3412 (nam
1776 3342 1822 3411 qai
1848 3358 1876 3397 se
1896 3343 2029 3410 bassilius,

408 3418 520 3477 ditionis
535 3421 682 3495 fragilitas,
696 3431 774 3498 quasi
788 3431 864 3488 nullo
877 3432 971 3491 labore
983 3441 1125 3508 proveniat
1137 3441 1206 3496 rm„
1243 3429 1414 3502 excitabitur,
1436 3432 1501 3489 dicit
1524 3429 1652 3487 Dominus
1671 3428 1747 3502 [bec.
1765 3428 1844 3502 xrsD.
1863 3440 1946 3500 atquo
1965 3432 2029 3488 sub·

408 3521 545 3581 mentum,
570 3517 711 3592 virtusque
735 3532 791 3581 tam
813 3541 912 3587 aurosa
936 3541 1042 3590 coastat
1062 3537 1192 3605 gratuito,
1244 3525 1316 3592 ditos
1330 3524 1383 3580 sibi
1398 3523 1471 3579 reiut
1488 3521 1594 3595 ifoyses
1611 3518 1846 3575 mansuetissimus
1860 3519 1972 3588 repebat
1986 3535 2030 3576 sa·

408 3605 515 3671 Quanta
535 3608 714 3682 castigatione
733 3618 832 3695 menqis
845 3624 1008 3694 etcorporis
1022 3626 1193 3696 murnum,
1243 3615 1362 3672 crarium
1394 3601 1506 3685 pietatis
1534 3621 1562 3668 et
1588 3609 1782 3681 tadutqentiae,
1807 3608 2029 3680 quandoquidem

407 3696 538 3763 castitas,
563 3712 839 3771 premonstrarrnmt
867 3711 978 3784 Patres,
1003 3718 1049 3788 qui
1075 3721 1191 3780 madida
1243 3707 1335 3780 ¹²i⁵¹¹⁸
1359 3704 1499 3764 dldlfliffll
1522 3704 1661 3776 lapsarum
1686 3699 1774 3772 ‘mili
1799 3699 1950 3771 limiti·
1975 3700 2027 3768 0¹¹5

408 3787 583 3858 simplicitate
596 3790 688 3852 doridi
706 3799 881 3869 suspirabant
897 3803 948 3859 sibi
967 3807 1074 3867 caelitus
1087 3824 1193 3881 penms
1245 3799 1327 3856 etiam
1340 3799 1392 3854 ⁸¹¹¹)
1408 3795 1495 3851 Nem
1508 3795 1616 3853 (ΜΝ
1634 3800 1677 3851 ⁰⁸¹
1691 3799 1834 3849 mm
1850 3791 2031 3875 mlfllfluffie

407 3878 479 3934 sicut
494 3880 636 3952 columber,
651 3899 786 3957 quatenns
803 3908 818 3947 a
834 3898 950 3954 terrente
969 3900 1093 3958 veranne
1104 3912 1133 3960 οι
1147 3921 1192 3962 ,0.
1245 3889 1406 3948 sesecundo
1421 3887 1521 3953 Adam,
1537 3886 1620 3943 idest
1638 3883 1749 3943 cbristo
1765 3884 1828 3940 dum
1841 3881 1947 3952 militat,
1963 3897 2027 3939 cum

407 3973 580 4038 quiescerent
600 3976 716 4048 ideoque
729 3983 894 4053 eiorqabant
911 3987 1046 4059 fugientes
1057 4001 1084 4049 er
1099 4011 1191 4053 mann.
1240 3976 1357 4040 ‘rictricc
1367 3981 1455 4053 palma
1469 3982 1578 4039 transiit
1593 3980 1626 4037 ad
1640 3977 1807 4057 paradisum.

406 4060 473 4118 nrm
496 4063 523 4120 n
543 4067 705 4136 nuncnune.
721 4075 1007 4141 scitamentorum
1029 4085 1191 4157 sptenurun-
1280 4073 1336 4148 nee
1354 4074 1477 4132 inferiori
1488 4085 1556 4131 rere
1565 4069 1700 4143 splenduit
1716 4067 1860 4125 “aalma
1880 4064 2027 4124 severam

406 4154 503 4255 ῦὶπψί,
517 4159 551 4218 ds
565 4176 620 4234 quo
634 4165 822 4238 hymnizamus
834 4189 843 4229 c
1244 4168 1330 4226 frater
1343 4171 1419 4239 elus,
1441 4165 1484 4223 nr
1503 4164 1652 4231 muas,
1665 4162 1763 4233 suique
1780 4159 1904 4231 corporis
1915 4173 2025 4216 senerm

564 4277 648 4335 Antra
662 4281 760 4342 amm·
774 4292 869 4346 mm,
882 4293 930 4346 „q
942 4292 1021 4348 mh
1244 4262 1372 4327 siontitur,
1385 4259 1431 4329 qui
1445 4274 1495 4330 pro
1509 4257 1658 4331 gratiarum
1673 4253 1849 4328 praerogatiua
1864 4249 1986 4320 pontifex
1998 4249 2025 4306 in

562 4347 663 4404 Gtsisns
677 4364 778 4411 turmas
794 4359 896 4431 [spiens
908 4362 1012 4432 pstiui,

563 4418 606 4474 fis
618 4420 668 4476 issi
683 4425 777 4482 subest
791 4432 926 4487 mature
938 4433 1018 4489 sitast

630 4490 742 4552 Frisios
756 4515 853 4566 possen

564 4557 587 4613 0
603 4564 681 4644 nimis
693 4565 758 4634 [elic
772 4573 908 4643 necutiante
920 4571 992 4640 celsi,

562 4627 689 4687 fiesctens
708 4635 792 4691 tabem
809 4639 875 4694 niuei
886 4643 1013 4711 pudoris!

1245 4347 1480 4420 bsptipedanaest
1491 4347 1559 4409 urbs
1567 4343 1724 4413 institutus,
1735 4339 1938 4409 aestatemque
1951 4335 2025 4394 iilam

1244 4448 1273 4497 st
1285 4439 1428 4511 disciplina
1442 4437 1561 4510 regulari
1578 4444 1607 4494 et
1626 4442 1771 4494 ornatuum
1784 4428 1859 4489 cultu
1881 4437 2025 4502 sacrorum

1215 4535 1217 4539 ’
1245 4533 1373 4606 prason
1391 4530 1610 4591 antecessoribus
1629 4526 1769 4585 ndisntm
1791 4522 1956 4582 bonestsris
1975 4518 2025 4578 Est

1222 4625 1352 4696 =qntusm
1365 4631 1560 4682 consummatus
1573 4622 1601 4676 is
1617 4617 1703 4687 bresi,
1721 4617 1769 4674 sed
1786 4613 1896 4685 septem
1908 4622 2024 4684 tsstpm

1206 4699 1322 4771 1lassatim
1338 4715 1415 4788 (Sap.
1429 4714 1479 4783 rr),
1501 4710 1630 4784 quonlam
1651 4706 1773 4778 perfecto
1793 4701 2023 4778 seniliterqussl·

1240 4807 1326 4863 nendo
1348 4805 1508 4877 patriarcba
1531 4799 1669 4859 Abrabam
1692 4798 1777 4854 instar
1798 4807 1918 4854 mortuas
1937 4804 1976 4853 sst
1994 4795 2026 4851 iss

1237 4907 1368 4955 umectata
1382 4898 1449 4953 boso
1462 4907 1487 4953 et
1499 4896 1592 4969 plenus
1608 4896 1721 4960 dicrum,
1742 4898 1965 4961 comprecatusque
1984 4895 2025 4943 ess

1238 4988 1274 5042 od
1297 4987 1421 5058 papafsst
1443 4985 1521 5059 (Ges.
1540 4983 1604 5055 arr)
1622 4991 1791 5045 sanctorum,
1807 4978 1956 5044 habuitque
1977 4990 2022 5032 se·

440 4735 538 4795 fidere
555 4749 583 4798 et
598 4745 691 4805 audire
710 4749 852 4807 secularia
868 4758 957 4827 magni
971 4759 1069 4829 sapius
1081 4771 1124 4827 est
1141 4766 1190 4823 de-

405 4827 537 4890 trimenti.
562 4834 634 4893 inter
655 4839 769 4899 deficias
792 4859 943 4921 gregesque
967 4852 1188 4914 muliercularum

405 4918 523 4986 qualiter
537 4937 716 4986 conservetur
732 4936 865 4993 castitas?
882 4937 970 5011 Super
985 4942 1036 5000 bac
1049 4946 1189 5005 scboiarcs

406 5015 477 5097 tuos
488 5014 601 5074 sedulus
614 5029 642 5102 et
656 5022 742 5081 dulcis
756 5028 934 5100 admonebas,
955 5051 1015 5093 cum
1028 5051 1079 5113 eqo
1101 5038 1188 5096 inter·

404 5099 471 5192 dum·
480 5112 677 5176 superveniens
691 5117 815 5178 honestis
828 5123 1015 5196 adgaudebam
1036 5118 1147 5199 studiis,
1161 5142 1189 5190 ct

402 5190 493 5284 aliqua
513 5195 780 5278 interbalbutiebam,
798 5222 828 5269 ut
842 5215 902 5274 iilos
916 5229 1003 5290 pocta
1016 5212 1184 5280 versiculos:

436 5307 528 5398 Finpit
545 5334 639 5390 equuus
654 5339 743 5381 resero
755 5329 865 5389 docilem
880 5336 978 5392 ceruice
992 5338 1117 5408 stapistsr

437 5380 481 5435 fre
496 5401 581 5454 usam,
592 5406 671 5460 qaam
687 5407 814 5452 monstrnt
829 5418 916 5471 eques.
937 5402 1074 5465 terranem
1090 5425 1123 5464 en
1133 5425 1185 5480 qtto

437 5448 562 5537 incorpore
575 5463 705 5517 cercinum
720 5468 811 5533 petiens
830 5471 935 5529 intrarit
949 5475 976 5528 in
991 5476 1069 5544 eafa,
1175 5474 1176 5481 ¹

437 5518 535 5576 lfrfsnd
551 5541 578 5580 ns
590 5529 663 5586 siluis
676 5537 791 5590 cotulas.
806 5537 886 5594 Nune
900 5543 993 5597 adhibe
1006 5563 1072 5612 puro
1100 5567 1104 5574 ·

440 5587 547 5646 f‘ectoce
562 5598 639 5652 acrba
653 5619 730 5671 nusr,
744 5623 813 5663 rassae
831 5621 855 5665 te
867 5613 1019 5668 melioribus
1039 5617 1114 5686 offer.

436 5658 587 5789 mm!
599 5681 636 5722 ess
652 5671 751 5729 intentu
765 5693 853 5734 recem
870 5683 979 5737 seruabis
991 5687 1097 5741 odorent

696 5809 816 5882 borsa..
832 5815 918 5889 Epist.
933 5820 955 5891 1,
970 5839 1001 5893 u,
1019 5825 1103 5884 ibid

783 5959 820 5978 ιφ

1238 5079 1373 5152 pulcrum,
1389 5077 1434 5134 ubi
1457 5076 1590 5143 babuerat
1604 5083 1633 5130 et
1658 5068 1865 5128 trronasterfura.
1888 5064 1947 5121 illic
1968 5065 2023 5122 fre-

1237 5168 1418 5240 quentabatur
1433 5180 1449 5221 a
1463 5164 1580 5235 popufis,
1595 5160 1696 5234 quibus
1707 5170 1735 5216 et
1745 5155 1897 5228 patrocinio
1910 5170 2024 5226 precmn

1237 5268 1264 5319 et
1281 5259 1447 5318 medelarum
1464 5257 1597 5314 beneflcio
1617 5269 1678 5312 sese
1699 5253 1849 5309 exbibebat
1869 5251 2022 5314 virentem,

1237 5359 1265 5404 at
1278 5357 1353 5420 puts,
1366 5347 1413 5416 qui
1428 5346 1546 5418 scriptus
1557 5352 1631 5401 essm
1646 5344 1673 5400 in
1689 5342 1755 5410 rita,
1770 5341 1797 5397 in
1812 5339 1975 5398 ierusalem.

1271 5437 1374 5505 ltaque,
1385 5433 1418 5490 ad
1430 5433 1642 5507 ejrnstiquando
1655 5431 1751 5489 festiva
1762 5429 2019 5502 presbyterquidam

1237 5525 1373 5594 tendebat,
1389 5525 1531 5596 quiritatu
1548 5524 1651 5580 numiui
1669 5539 1720 5580 sato
1737 5520 1929 5578 corrformaret.
1944 5517 2018 5572 bisc·

1235 5619 1316 5674 batur
1337 5632 1454 5688 namquo
1475 5616 1658 5684 innocontius,
1673 5613 1796 5672 lsraelita
1811 5626 1900 5678 ueros,
1919 5611 1946 5666 in
1965 5623 2019 5678 qno

1235 5707 1313 5764 dolus
1328 5723 1380 5764 nun
1402 5706 1590 5765 cessabimus
1610 5715 1716 5763 uatum
1740 5702 1855 5772 cairate
1878 5713 2020 5772 possessos

1233 5809 1305 5856 erat.
1330 5798 1393 5856 lfaec
1414 5799 1558 5856 abeuntem
1574 5808 1720 5870 patronum
1733 5791 1830 5852 'socrus
1851 5791 1961 5848 devenit
1984 5789 2017 5845 ad

1235 5887 1355 5956 durium,
1370 5888 1509 5947 flosorem
1523 5889 1665 5956 uocabulo,
1680 5889 1727 5960 qui
1748 5887 1783 5944 de
1803 5881 1937 5942 imbribus
1954 5888 2016 5935 tunc

1236 5993 1403 6042 excreuerat.
1419 5982 1472 6040 Sed
1485 5983 1518 6039 de
1533 5981 1590 6055 ripa
1606 5983 1633 6040 iu
1648 5982 1734 6053 ripam
1749 5985 1873 6051 pastores
1893 5973 2015 6035 nabere
