4584 6767
383 565 451 624 ,347
1005 541 1203 603 :curtennis
1222 539 1256 596 ιιι
1274 539 1377 596 rnre
1782 509 1805 524 ”
1833 505 1838 514 ’
1969 537 2009 596 ιιι

381 677 445 734 dam
467 670 655 736 concesserit,
672 666 724 723 sub
743 659 967 720 interminatione
989 655 1172 712 anathematis
1188 656 1212 715 Α
1262 650 1360 707 batum
1377 649 1506 705 Laterani
1522 664 1570 726 per
1582 663 1682 705 maurus
1698 645 1798 722 lioysi
1816 644 1850 703 S.
1870 647 1908 703 li.
1928 643 1958 704 E.
1972 653 2012 706 ιιι

385 770 527 833 inhibens,
553 778 588 820 oe
623 761 685 832 quis
713 766 810 815 contra
835 755 937 810 iactum
967 765 1048 807 strum
1078 748 1174 803 uenire
1225 746 1346 811 diaconi,
1371 744 1460 800 ricem
1483 739 1785 831 agentismnoellarii,
1812 753 1843 793 rr
1865 734 1934 794 Kal.
1956 737 2013 806 insi,

382 864 572 933 praesumeret,
593 861 620 907 et
645 847 809 905 venerabilis
835 844 921 899 irater
945 849 1038 897 noster
1054 837 1087 892 li.
1111 852 1176 893 sue·
1225 835 1323 892 indict.
1337 850 1388 899 ru,
1404 832 1513 891 lucam.
1540 831 1619 887 Dour.
1635 845 1711 887 anno
1735 827 1832 917 tres,
1859 827 2015 902 Pontificem

384 967 478 1009 cessor
492 948 589 1018 ipsius,
613 944 666 998 hoe
690 940 846 996 tirmitatem
867 933 1021 992 decreverit
1039 931 1175 995 obtinere,
1226 925 1338 984 veroli.
1355 923 1504 981 Clementis
1518 938 1595 995 pape
1609 920 1642 977 ill
1654 935 1730 978 anuo
1745 937 1770 977 ι.

361 1036 371 1056 ”
389 1049 485 1099 eontra
500 1035 737 1094 eorrdrmationerr.
753 1042 846 1087 tamen
869 1041 950 1086 suam
973 1033 1001 1081 et
1015 1021 1179 1079 intermina·
1571 1035 1663 1104 pvqn,
1702 1104 1704 1108 Ι

267 1131 270 1136 ’
385 1132 488 1204 tionem
517 1123 701 1182 anathematis
730 1121 866 1184 rericus,
897 1115 1071 1173 donationem
1102 1114 1178 1168 illam
1228 1132 1377 1189 Ecclesiam
1391 1125 2022 1199 pfanqepmemmrmmmcipianffl

353 1239 358 1246 ’
386 1221 496 1277 irritare
510 1216 660 1274 contendit.
676 1213 745 1279 Quia
761 1226 826 1267 vero
841 1210 896 1265 iilis
911 1216 988 1263 tanto
1011 1203 1111 1263 fortius
1140 1202 1168 1256 iu
1264 1203 1333 1256 hono
1351 1209 1376 1253 et
1394 1200 1461 1269 jure
1477 1199 1629 1269 confirmat,
1650 1205 1769 1268 repente
1795 1195 1973 1251 Baidmme
1987 1198 2024 1266 qi

383 1314 446 1382 jure
461 1324 511 1365 suo
527 1307 661 1362 debemus
674 1302 816 1369 assistere,
832 1308 937 1371 quanto
952 1296 1079 1354 devotius
1091 1308 1173 1351 strum
1263 1288 1353 1341 πθιὶθ·
1607 1359 1614 1374 .
1689 1359 1709 1372 ..

385 1401 497 1456 Christo
511 1398 645 1455 exhibent
666 1395 842 1460 inmolatum,
867 1408 915 1463 per
930 1389 1082 1462 apostolica
1098 1385 1180 1441 vohis
1475 1360 1627 1432 (Liifflnb
1644 1358 1792 1429 1811994

386 1493 488 1563 scripta
504 1490 678 1553 mandamus,
693 1495 840 1558 quatenus,
866 1485 890 1541 si
906 1498 951 1539 res
966 1482 1004 1536 ita
1020 1495 1050 1535 se
1066 1478 1178 1543 babeat,
1230 1477 1346 1551 [heroes
1361 1474 1450 1531 Gades
1467 1472 1656 1556 diplomaticae
1668 1472 1972 1548 Brendenlrsrqensis,
1985 1469 2029 1538 ti,

334 1633 338 1644 .
387 1583 564 1640 renationem
580 1582 654 1636 trram
669 1579 788 1644 sacrans,
799 1584 882 1648 pron
896 1572 1095 1631 nrtonaouner
1108 1568 1180 1652 taen
1274 1569 1276 1574 ’
1478 1552 1641 1634 pathena,
1656 1541 1784 1615 oili-l

388 1683 441 1741 est,
458 1672 620 1729 auctoritate
636 1679 729 1726 nostra
747 1668 880 1734 illibatam
895 1664 1011 1720 llrmiter
1025 1660 1179 1726 observari,
1267 1659 1393 1715 Gerasus
1415 1658 1571 1729 episeopus,
1588 1669 1684 1711 servus
1708 1669 1873 1711 serrorum
1895 1651 1958 1720 rtet,
1969 1669 2030 1710 reas

387 1779 436 1820 eos
451 1764 497 1835 qui
513 1772 610 1820 contra
624 1760 719 1815 renirc
730 1755 968 1829 presumpserint,
980 1764 1181 1825 percensuram
1230 1752 1310 1808 rabili
1322 1752 1400 1807 iratri
1414 1751 1589 1815 balnensem,
1608 1746 1891 1818 Braudenburgensi
1907 1749 2030 1818 episcope,
2063 1807 2069 1820 ι

388 1856 609 1914 ecelesiasticam
625 1858 842 1921 compescentes.
871 1846 990 1914 Quodsi
1015 1857 1112 1899 omnes
1137 1841 1182 1895 his
1231 1843 1347 1914 ejusque
1373 1840 1581 1899 successoribus
1607 1839 1744 1895 canonice
1773 1837 1990 1894 substituendis
2011 1839 2030 1893 ia
2068 1883 2071 1894 .

388 1945 572 2017 exsequendis
587 1941 764 2014 nequiveritis
777 1941 927 2004 interesse,
941 1936 998 1992 duo
1013 1942 1134 1990 vestrum
1149 1946 1181 1985 ea
1232 1940 1406 2006 perpetuum.

389 2039 571 2095 nihilominus
583 2040 779 2104 exsequantur.
1196 1999 1220 2060 Β
1268 2022 1298 2078 ln
1313 2022 1444 2080 eminenti
1465 2019 1708 2091 sedisapostolicae
1725 2020 1868 2090 speculo,
1886 2022 2032 2093 disponente

428 2131 526 2184 ilatum
543 2124 682 2191 Laterani,
694 2138 744 2178 rrrr
758 2120 895 2178 Kalendas
908 2119 994 2185 lunii,
1007 2116 1182 2190 pontificatus
1233 2113 1362 2181 Domino,
1383 2111 1536 2180 constituti,
1553 2111 1652 2166 iratres
1672 2119 1701 2166 et
1719 2111 1920 2184 coepiscopos
1939 2123 2030 2168 nosue

369 2253 371 2257 ,
393 2237 465 2277 antro
478 2220 579 2290 primo.
1236 2214 1290 2261 tam
1302 2219 1387 2276 prope
1401 2204 1507 2275 positos
1520 2216 1605 2272 quam
1619 2211 1745 2258 remotos
1760 2200 1901 2259 fraterna
1912 2204 2029 2259 ἀοιειιιι

748 2327 827 2384 ΗΠ,
1235 2295 1370 2353 charitate
1390 2295 1503 2365 diligere
1513 2303 1540 2349 et
1556 2291 1688 2348 Ecclesiis
1703 2293 1758 2349 sibi
1775 2307 1794 2348 a
1809 2293 1873 2351 Deo
1889 2295 2029 2352 commem

513 2439 687 2510 Prinileqium
699 2454 747 2508 pro
763 2435 884 2491 Ecclesia
902 2432 1064 2504 Raqelienst.
1235 2383 2029 2547 {3³:33samudgzsseemtffiufflffiffizgffi

641 2527 793 2602 (Laterani,
810 2527 873 2582 M
886 2525 944 2597 Ἀ)
1238 2572 1387 2627 clementer
1400 2567 1548 2622 annuimus
1565 2514 1592 2621 ei
1604 2564 1746 2635 praelatam
1759 2564 2029 2638 brandeburgenses

546 2639 691 2713 [Ufflfflr
706 2639 792 2693 Μία
805 2655 895 2704 ⁸⁶⁶¹⁰¹
914 2636 935 2705 ¹·
951 2636 1043 2709 ΗΜ]
1238 2660 1391 2719 Ecclesiam
1406 2659 1451 2714 cui
1461 2652 1644 2714 ileoauctore
1654 2671 1773 2727 preesse
1784 2656 1980 2730 dignosceris,
1991 2658 2031 2714 sai

428 2755 556 2811 Genusus
569 2755 715 2826 episeopus
728 2794 736 2822 ,
751 2768 849 2809 sertus
872 2766 1015 2808 serrorum
1029 2748 1098 2817 liei,
1122 2764 1184 2804 roo.
1236 2753 1309 2809 beati
1323 2751 1396 2808 Petri
1414 2763 1441 2807 et
1451 2758 1546 2805 nostra
1560 2748 1731 2820 protectione
1745 2750 1928 2832 suscipimus
1936 2759 1964 2806 et
1976 2766 2031 2822 pre

395 2847 431 2902 ir.
444 2846 487 2902 to.
505 2845 670 2902 lintellensi.
686 2844 950 2915 miscendumque
963 2856 1087 2898 success·
1099 2854 1186 2895 0³⁰0·
1238 2846 1324 2903 sentis
1347 2843 1443 2912 scripti
1462 2842 1605 2913 privilegio
1625 2842 1853 2908 commuuimus,
1880 2852 2032 2906 statuentes,

396 2939 458 2993 nice
472 2936 670 2993 substituendis
686 2936 713 2990 in
730 2943 903 3006 perpetuum.
1238 2945 1269 2992 ut
1282 2950 1462 3006 quascunque
1475 2933 1679 3006 possessiones,
1700 2947 1886 3004 qnaecunqne
1908 2933 1982 2988 bona
1993 2946 2033 2987 ea·

431 3028 502 3084 Cum
515 3045 549 3084 es
563 3029 686 3098 injuncto
701 3027 781 3082 nohis
800 3042 815 3081 a
835 3024 893 3082 Deo
903 3025 1074 3096 apostolatus
1085 3019 1184 3091 olllcio,
1238 3028 1299 3083 dem
1315 3023 1688 3096 Brandeburgeusiseeclesia
1704 3024 1957 3093 inpraesentiarum
1970 3023 2033 3093 juste

397 3135 453 3190 quo
481 3118 589 3175 cunctis
610 3116 717 3172 Christi
743 3115 884 3181 fidelibus,
912 3124 1024 3171 auctore
1048 3114 1187 3183 homino,
1239 3129 1268 3174 et
1291 3117 1424 3174 canonice
1455 3116 1587 3187 possidet,
1618 3122 1667 3170 aut
1694 3114 1721 3169 in
1762 3112 1894 3169 loturum
1930 3130 2035 3171 eonces-

398 3211 625 3280 praoemioemus,
642 3216 684 3274 et,
707 3217 736 3260 ιιι
759 3208 787 3260 in
802 3204 880 3261 Lucii
900 3205 954 3274 ill,
979 3205 1118 3276 priniieqio
1132 3221 1189 3260 oer-
1242 3210 1320 3265 sione
1333 3209 1506 3280 pontificum,
1523 3207 1668 3279 largitione
1687 3221 1785 3279 regum
1810 3210 1856 3263 rei
1876 3209 2034 3279 principum,

398 3301 481 3354 iotint
496 3300 606 3354 hebetur
620 3301 670 3371 (5).
686 3297 716 3353 ln
740 3298 793 3368 tine
817 3312 894 3368 popoe
910 3306 935 3352 ct
959 3296 1035 3351 cord.
1054 3296 1225 3393 subscrip-'C
1242 3303 1382 3357 oblatione
1396 3299 1516 3355 lidelium
1536 3313 1584 3355 seu
1603 3299 1665 3355 aliis
1677 3298 1762 3369 justis
1775 3299 1883 3364 modis,
1896 3309 2036 3369 prestante

400 3392 484 3445 tiones
501 3390 635 3460 leputatur.
1244 3393 1372 3458 Domino,
1384 3393 1483 3462 poterit
1496 3391 1622 3462 adipisci,
1639 3391 1717 3445 lirma
1738 3388 1789 3445 tibi
1804 3390 1923 3460 tuisque
1934 3406 2036 3447 sucees-

437 3480 494 3553 Ego
507 3481 635 3537 Clemens
648 3479 797 3536 Galitulicae
811 3477 941 3534 Ecclesiae
954 3475 1121 3548 episcopitii
1244 3484 1354 3540 soribus
1370 3493 1397 3538 et
1410 3483 1513 3538 illibata
1530 3489 1718 3553 permaneant,
1741 3480 1891 3552 inquibus
1907 3482 1965 3538 brec
1976 3498 2035 3552 pro·

437 3572 494 3643 Ego
518 3570 693 3628 Theobaldus
717 3570 852 3627 Ostiensis
877 3578 906 3626 et
926 3568 1105 3625 Velietrensis
1134 3568 1194 3638 epi·
1245 3574 1312 3644 priis
1325 3573 1456 3628 «luximus
1466 3572 1642 3643 exprimenda
1655 3571 1800 3629 vocabulis

402 3679 512 3736 scopus.
1009 3684 1013 3692 ‚
1280 3660 1451 3717 Medietatem
1476 3660 1729 3731 brandeburgensis
1745 3660 1863 3716 civitatis
1892 3662 2035 3731 aquilona·

359 3815 363 3824 ,
438 3755 496 3826 Ego
511 3754 651 3810 laborans
666 3752 757 3824 presb.
777 3752 852 3808 card.
870 3751 899 3809 S.
913 3752 949 3808 lt.
971 3761 1048 3808 trans
1059 3747 1192 3816 Tiberim,
1246 3767 1315 3818 rem,
1330 3751 1472 3806 dimidiam
1496 3758 1601 3820 partem
1618 3749 1703 3805 totius
1721 3748 1818 3804 insulae
1837 3749 2038 3819 septentriona-

295 3853 301 3860 '
403 3846 448 3902 tit.
467 3845 578 3900 Galirti.
1245 3844 1310 3911 lom,
1325 3844 1352 3897 iu
1365 3858 1419 3913 qua
1431 3842 1527 3897 ciritae
1541 3841 1634 3895 eadem
1649 3840 1766 3895 babetur
1777 3839 2038 3905 constructa,dimi-

440 3934 497 4006 Ego
513 3933 691 4004 Pandulphus
705 3933 796 4004 presb.
813 3931 889 3988 card.
908 3931 1029 3987 basilicae
1048 3930 1194 3985 duodecim
1246 3935 1373 4003 eliamque
1394 3943 1496 4004 partem
1519 3933 1643 3988 omnium
1665 3916 1792 3986 uillarum
1810 3929 1879 3986 illuc
1903 3931 2039 4001 pertinen-

406 4026 609 4097 apostotorum.
760 4055 762 4059 -
1105 4065 1109 4071 .
1247 4026 1330 4089 tium;
1348 4024 1418 4079 duas
1440 4024 1554 4094 insuper
1567 4023 1693 4078 civitates
1715 4023 1820 4094 integre
1836 4037 1903 4077 cum
1915 4024 2039 4078 onrnibas

441 4117 498 4188 ligo
511 4115 608 4171 llelior
622 4116 714 4185 presb.
731 4114 808 4180 card,
826 4114 877 4169 SS.
893 4113 972 4169 ioan.
989 4123 1017 4168 et
1039 4111 1129 4173 Pauli,
1247 4115 1421 4186 pertinentiis
1447 4117 1506 4170 suis
1527 4113 1674 4170 Pritzerwe
1698 4121 1726 4169 et
1749 4112 1842 4168 Elaeri
1875 4117 2039 4180 nominatas,

406 4204 587 4262 Pammaehii.
1248 4205 1406 4274 pronuncias
1431 4204 1592 4272 hloraeiani‚
1608 4202 1762 4270 zierirrilti,
1775 4202 1871 4272 Pleni,
1888 4205 2038 4276 zpriavani,

444 4297 500 4368 Ego
517 4294 644 4353 Rudinus
658 4296 699 4351 tit.
721 4294 750 4350 S.
766 4293 896 4350 Prasetiis
909 4292 1001 4364 presb.
1018 4292 1095 4349 card.
1248 4295 1399 4362 llereldun,
1425 4295 1539 4363 intueri,
1565 4294 1690 4363 Riacarri,
1703 4294 1837 4362 zamcici,
1864 4296 1977 4365 Bassia,
1988 4295 2038 4351 La·

442 4385 500 4457 Ego
514 4385 590 4441 liobo
605 4386 647 4441 tit.
667 4384 697 4439 S.
713 4383 854 4439 harastasii
868 4384 960 4453 presb.
977 4384 1053 4439 card.
1248 4386 1310 4452 sici,
1320 4385 1442 4442 ecciesiae
1458 4395 1510 4441 tuae
1526 4387 1561 4443 ab
1575 4387 1690 4443 illustris
1711 4388 1858 4444 memoriae
1869 4387 2039 4459 imperatori·

445 4476 502 4549 Ego
519 4476 632 4548 alexius
646 4478 688 4531 tit.
706 4474 735 4531 S.
754 4475 888 4531 Susanna
902 4475 1085 4546 presbeard.
1248 4477 1301 4532 bus
1324 4475 1431 4533 Othone
1446 4489 1473 4532 ct
1487 4477 1604 4533 ilenrico
1632 4491 1795 4545 correessas;
1820 4492 1936 4534 omnem
1963 4481 2039 4535 etiaar

444 4569 502 4640 Ego
525 4568 623 4624 Petrus
642 4568 734 4639 presb.
759 4568 835 4622 card.
860 4569 902 4622 tit.
924 4569 953 4623 S.
977 4566 1050 4621 Petri
1070 4567 1104 4621 ad
1130 4564 1196 4621 llin-
1249 4567 1460 4623 decimationem
1482 4569 1566 4625 totius
1593 4567 1851 4638 lirarrdeburqensis
1893 4569 2037 4639 parochia,

409 4661 482 4717 cula.
645 4655 649 4660 ’
1212 4659 1372 4728 perceptis
1384 4659 1500 4723 decimis
1514 4659 1719 4727 posscssionum
1740 4656 2041 4732 llaqdeborgensisee·

445 4750 503 4820 Ego
517 4748 654 4805 iordanes
672 4747 763 4818 presb.
782 4747 857 4803 eard.
884 4746 915 4803 S.
936 4738 1129 4815 Pudentiane,
1155 4756 1197 4803 ιιι.
1252 4750 1352 4817 etesiae,
1366 4764 1435 4819 quas
1447 4751 1541 4807 eadem
1557 4749 1799 4822 hlaqdeburqeosia
1816 4749 1940 4807 ecelesia
1955 4749 2041 4807 stadie

410 4840 542 4896 Pastoris.
1241 4843 1333 4898 ‘bosra
1354 4843 1492 4898 memoriae
1512 4842 1632 4899 Gonradi
1645 4841 2041 4915 ilagdeborqensisarehiepi·

447 4932 504 5003 ligo
516 4929 635 4986 lacobus
649 4930 720 4986 diac.
739 4928 815 4985 card.
834 4927 863 4983 S.
881 4928 974 4984 llariae
989 4931 1016 4984 in
1040 4929 1198 4989 cosmedin:
1252 4934 1327 5003 scopi
1341 4945 1369 4988 ct
1381 4932 1484 5005 Wigeri
1497 4933 1750 5006 lirandcburqensis
1763 4934 1906 5006 episcopi,
1922 4945 2043 5005 tenpore

447 5024 504 5097 Ego
530 5022 677 5079 Gratianus
705 5020 757 5076 SS.
783 5019 893 5076 Gosrnae
915 5031 943 5076 et
971 5022 1095 5079 bamiaui
1125 5024 1199 5083 diac.
1253 5023 1342 5080 felicis
1357 5024 1724 5082 reeordationislnnoceutii
1740 5025 2043 5095 papaeprasdeoersoria

412 5113 487 5170 eard.
1255 5115 1341 5171 nostri
1362 5128 1390 5171 et
1404 5116 1524 5172 conradi
1537 5118 1610 5189 regis
1634 5132 1681 5188 per
1701 5117 1899 5174 concambium
1918 5117 2043 5176 obtinuit.

449 5204 505 5275 Ego
519 5203 686 5260 Octavianus
701 5202 753 5259 SS.
771 5203 861 5276 Sergii
876 5214 904 5261 et
919 5202 1018 5286 liacchi
1030 5205 1105 5262 diae.
1120 5208 1197 5264 eard.
1255 5209 1388 5266 Proterea
1415 5220 1576 5276 mercatum,
1602 5218 1750 5276 monetam,
1771 5208 2047 5278 thelonium,‘distri·

449 5293 507 5365 ligo
521 5294 670 5366 Gregorius
689 5295 719 5349 S.
735 5294 827 5350 ilarire
845 5296 873 5350 in
888 5295 998 5353 Portiou
1012 5297 1083 5353 diac.
1098 5300 1174 5355 eard.
1255 5310 1329 5356 etum
1342 5310 1495 5370 caeteraque
1517 5300 1621 5363 samnia,
1637 5299 1671 5354 ad
1695 5299 1753 5354 haee
1773 5297 1850 5369 juste
1866 5298 2047 5372 legaliterque

451 5385 507 5457 Ego
520 5386 619 5443 ioann.
634 5385 762 5442 Ecclesiae
776 5387 805 5442 S.
824 5387 964 5444 Eustachii
979 5390 1052 5446 diac.
1068 5395 1145 5448 card.
1255 5391 1430 5462 pertinentia,
1445 5391 1472 5444 in
1485 5390 1545 5445 loco
1560 5387 1675 5446 Ursiebc
1692 5398 1720 5444 et
1731 5389 1760 5445 iu
1774 5404 1846 5460 pago
1856 5387 2048 5464 Northurioqa

451 5477 508 5548 qu
522 5476 640 5533 ioannes
656 5476 686 5532 S.
702 5476 838 5532 'ilreodori
855 5480 927 5548 diae.
946 5483 1023 5536 card.
1255 5493 1283 5539 et
1296 5485 1322 5538 in
1338 5485 1468 5539 comitatu
1484 5481 1607 5537 Liuttere
1621 5481 1729 5538 conr'tis
1740 5480 1804 5547 sita,
1814 5483 1956 5541 termiros
1966 5485 2049 5541 etia·

451 5567 508 5637 ligo
522 5566 677 5623 Bernanlus
691 5567 757 5622 San.
774 5567 867 5623 llariae
880 5568 962 5625 Nora
974 5572 1044 5627 diac.
1061 5574 1136 5629 card.
1255 5575 1508 5646 Braodeburgensis
1533 5575 1707 5645 episcopatos
1721 5573 1904 5635 constitutos.
1924 5579 2052 5638 videlieet

454 5656 508 5728 Ego
523 5657 671 5729 Gregorius
689 5656 797 5714 Sancta
818 5658 910 5716 ilar-ia
925 5661 952 5716 in
977 5664 1081 5733 hquiro
1093 5664 1202 5722 diacon.
1255 5667 1389 5724 orientem
1403 5681 1500 5721 tersus
1522 5666 1556 5721 ad
1577 5665 1677 5721 humen
1688 5663 1817 5735 oderam,
1832 5674 1861 5723 ct
1875 5670 2052 5729 occidentem

417 5751 481 5808 card
1255 5774 1288 5814 ac
1299 5767 1424 5815 austrum
1435 5772 1532 5816 versus
1547 5760 1580 5814 ad
1595 5758 1702 5816 hibiam
1713 5755 1825 5830 dumea,
1838 5758 1874 5817 ad
1890 5762 2053 5834 aquitane·

455 5926 495 5998 ιι)
507 5925 574 5987 true
589 5926 751 6002 cariatone
774 5887 842 5991 ren.
857 5930 922 6000 oct,
948 5933 1360 6006 necessitudinem.
1442 5986 1445 5994 .
