4584 6767
348 594 386 655 m
864 587 874 595 '
989 597 1067 656 ιιιι
1085 599 1114 656 s.
1128 597 1425 661 utentum-tto.
1437 602 1459 659 ι.
1773 561 1776 567 ’
1955 614 1991 675 m

348 727 378 773 et
393 711 585 769 misericordia
598 722 640 769 cst
660 713 687 769 in
705 720 813 769 sanictos
836 714 894 783 elus
909 722 935 769 ct
959 725 1097 787 respectus
1115 716 1182 777 inA
1231 715 1269 771 dt
1292 734 1356 775 vero
1369 719 1415 789 qui
1437 713 1599 784 evasissent,
1616 722 1651 776 ad
1668 723 1783 792 prolana
1809 725 1941 785 idolorum
1957 731 1990 787 ii·

349 806 454 862 eleetos
469 804 553 859 iliius.
1196 810 1269 865 mina
1289 810 1477 880 confugientes
1493 810 1558 867 dum
1580 814 1712 886 sacrilega
1726 816 1860 874 ambirent
1878 820 1988 890 altaria,

383 898 423 955 At
436 896 583 954 carnidces
602 905 732 967 tanquam
755 910 838 953 canes
853 898 940 955 rabidi
955 899 1044 956 locutu
1066 901 1144 958 inda·
1195 902 1333 958 interiere.
1349 901 1484 974 Suffragia
1499 904 1598 975 quippo
1614 908 1796 977 nequicquam
1809 925 1842 965 ex
1859 911 1911 966 illis
1926 930 1989 985 spe·

347 991 414 1064 gine
439 988 611 1054 claudentes,
635 989 838 1053 scrutabamur,
861 990 947 1046 sicubi
972 992 1061 1061 preda
1087 1000 1143 1049 tam
1195 1002 1302 1062 rantur,
1313 997 1359 1065 qui
1371 998 1480 1053 sibimet
1494 997 1638 1070 suffragari
1652 1011 1803 1070 nequeant.-
1813 1002 1988 1064 Plrilncomus

347 1084 443 1139 subito
461 1082 515 1140 sibi
532 1091 672 1152 prerepto
695 1081 825 1137 latitaret.
849 1083 1143 1155 bepretnndermtqne
1193 1088 1354 1143 etiamante
1366 1088 1450 1158 ipsam
1464 1090 1649 1161 aedisjanutm
1663 1092 1789 1161 spiritum
1801 1092 1987 1165 luditligres·

347 1176 376 1231 in
390 1175 473 1248 silice
485 1183 624 1230 extremas
639 1174 753 1245 virginei
768 1174 886 1257 amictus
897 1190 969 1231 oras.
982 1174 1071 1245 Super
1089 1190 1143 1246 quo
1193 1194 1240 1234 sus
1253 1179 1369 1249 denique
1379 1180 1477 1248 ignisa
1491 1179 1754 1240 [lotninodcrorauit
1763 1185 1891 1257 populum
1903 1185 1986 1242 simul

346 1267 504 1326 incredibili
519 1277 633 1336 stupore
652 1268 759 1322 attoniti
775 1282 832 1322 rem
855 1267 966 1337 prasidi
981 1276 1085 1338 gestam
1101 1269 1143 1325 in·
1192 1278 1220 1324 et
1237 1270 1334 1325 aedem.
1350 1269 1433 1326 Periit
1452 1271 1543 1340 itaque
1558 1270 1683 1326 ministra
1703 1274 1873 1331 crudelitatis
1894 1277 1987 1332 multi·

347 1360 492 1415 rimarunt.
518 1357 572 1413 Sed
596 1357 659 1412 rurali
683 1356 754 1411 unde
771 1357 829 1412 lieri
846 1358 978 1413 deberent
1001 1358 1139 1425 meliores,
1192 1363 1274 1428 tudo;
1290 1370 1448 1431 quantoque
1465 1362 1520 1417 illie
1539 1363 1616 1433 plura
1632 1364 1752 1419 babuere
1767 1365 1889 1430 nomina,
1908 1376 1985 1421 tanto

346 1450 417 1506 flunt
429 1450 496 1504 inde
510 1464 706 1518 nonnunquam
720 1449 880 1505 doteriores.
902 1448 989 1507 ludes
1008 1466 1075 1521 ergo
1090 1453 1142 1507 im·
1192 1451 1226 1504 ad
1242 1450 1313 1521 ignis
1331 1459 1505 1522 angmentum
1527 1451 1629 1520 majora
1649 1452 1764 1507 incendii
1781 1463 1906 1525 suggesta
1920 1465 1985 1512 sum

344 1541 409 1612 pius
422 1541 525 1609 partim
542 1540 592 1605 ira,
609 1542 709 1611 partim
724 1541 905 1597 atlrniratione
920 1552 1070 1612 permotus,
1082 1543 1143 1615 jars·
1191 1542 1324 1600 lomento.
1349 1544 1473 1601 Peotstls
1493 1545 1575 1613 igitur
1597 1545 1655 1601 suis
1676 1547 1822 1615 imputent,
1847 1549 1919 1618 qood
1942 1550 1985 1604 in·

344 1633 382 1688 ait
398 1631 562 1703 Plriluoomo
585 1632 728 1701 principali
753 1630 986 1689 Neocbore'nsinm
1005 1637 1138 1707 civitatis,
1191 1636 1285 1701 censi;
1303 1637 1416 1692 deorum
1431 1652 1555 1702 nmnero,
1582 1641 1654 1707 quod
1678 1638 1780 1694 diutius
1805 1643 1981 1697 cottonemati

344 1735 373 1779 nt
390 1723 568 1780 multitudine
587 1724 701 1780 collecta
726 1724 797 1779 idem
818 1739 915 1780 sotum
935 1724 1050 1783 scotinus
1065 1729 1140 1783 diru·
1192 1727 1303 1784 Smnma
1322 1742 1428 1793 eorum,
1444 1730 1489 1797 qui
1510 1738 1565 1783 tam
1588 1730 1731 1799 repentino
1753 1745 1819 1787 casu
1842 1746 1923 1801 quam
1938 1735 1983 1789 in·

341 1825 401 1872 tom
416 1817 588 1885 procederet.
606 1815 705 1872 Statim
715 1816 849 1886 praeconis
860 1831 926 1873 voce
943 1818 1060 1889 populus
1074 1834 1140 1875 con·
1189 1822 1285 1877 cendio
1300 1823 1434 1892 absumpti
1444 1831 1516 1887 sunt,
1533 1823 1585 1878 duro
1596 1820 1678 1875 millia
1687 1823 1861 1892 septingenti.
1875 1823 1982 1891 Quibus

340 1918 484 1980 gregatur.
1069 1950 1071 1953 >
1188 1926 1253 1967 uero
1267 1914 1387 1968 evasisse
1404 1913 1528 1982 eorntigit,
1547 1914 1574 1968 in
1590 1911 1730 1969 ciuitatem
1750 1914 1920 1970 tremebundi
1935 1931 1982 1971 ro·

375 1998 439 2056 tam
459 2010 570 2055 rentum
594 2001 628 2055 ad
649 2001 736 2057 locunt
753 2001 854 2068 luerat,
873 2011 902 2059 ct
923 2018 980 2059 rent
1005 2002 1137 2073 perlicere
1189 2001 1327 2071 lugerent,
1343 2013 1371 2056 et
1385 2004 1490 2073 magnis
1511 2004 1611 2073 ubique
1632 2002 1839 2058 conclamabant
1854 2004 1978 2071 uocibus,

340 2089 588 2155 laborabant,cum
596 2104 707 2162 repente
716 2094 1026 2165 coruscatiosplendoris
1034 2110 1134 2168 magna
1188 2106 1314 2162 magnum
1329 2106 1390 2150 esse
1409 2091 1492 2147 berum
1506 2092 1607 2161 datie,
1620 2093 1707 2148 solunt
1723 2106 1783 2148 esso
1797 2091 1883 2149 Deum
1899 2092 1981 2150 Cbri·

339 2184 468 2249 emicuit,
483 2193 564 2256 atque
581 2184 725 2250 horrisono
739 2187 841 2241 tonitru
862 2167 1032 2256 ernntpente,
1049 2198 1078 2242 ιιι
1094 2188 1134 2257 ip-
1187 2185 1350 2248 stianorum,
1362 2191 1390 2239 et
1400 2184 1476 2252 justa
1491 2183 1550 2253 ejus
1561 2200 1622 2241 esso
1633 2184 1746 2255 judicia.

339 2288 399 2328 sam
418 2289 490 2344 pene
509 2275 664 2331 maebinam
679 2276 806 2333 crederes
819 2276 880 2333 coeli
897 2278 1043 2343 decidisse,
1059 2289 1132 2334 torro
1221 2277 1353 2344 Quoniam
1369 2291 1434 2347 ergo
1447 2276 1562 2332 oliorum
1577 2276 1695 2347 perditio
1710 2276 1825 2333 aliorum
1836 2276 1908 2346 parit
1920 2276 1978 2348 plc-

338 2380 474 2421 concussa
483 2375 537 2432 est,
550 2367 727 2436 nutantiaque
736 2382 866 2424 corruere
876 2369 1131 2441 omniumrestigia.
1186 2383 1300 2437 russaque
1310 2369 1437 2433 salutem,
1450 2368 1526 2423 molti
1536 2368 1725 2438 poetnltentiam
1746 2369 1854 2438 pristini
1866 2379 1979 2440 agentes

339 2458 374 2514 Et
385 2472 454 2513 ecce
470 2459 524 2514 duo
538 2457 659 2513 ctalcstis
679 2458 782 2514 militis·
797 2459 903 2529 equites
918 2448 999 2517 eursu
1017 2460 1131 2516 velocis·
1185 2461 1297 2529 erroris,
1311 2463 1486 2516 contulerunt
1499 2475 1530 2516 se
1544 2461 1577 2515 ad
1591 2463 1734 2517 ueritatem
1749 2459 1823 2525 ddei,
1839 2460 1977 2530 apposita·

337 2551 410 2606 simo
423 2566 473 2621 per
486 2550 558 2606 tiam
575 2550 689 2607 orientis
705 2565 720 2606 a
734 2552 861 2623 supernis
878 2551 1073 2609 descendentes
1086 2567 1133 2608 oc·
1184 2566 1237 2622 que
1259 2561 1322 2606 snm
1339 2551 1372 2606 ad
1394 2552 1479 2607 beurtt
1502 2552 1614 2607 circiter
1637 2552 1688 2606 tria
1712 2550 1798 2606 millia
1823 2551 1974 2604 trerminum.

338 2657 451 2699 utrrcre
473 2645 507 2699 ad
527 2642 726 2715 spectaculum,
742 2658 857 2714 quarunt
873 2645 934 2715 oqui
957 2646 1019 2717 niro
1041 2647 1133 2702 eandi-
1184 2642 1331 2697 Crescebat
1351 2652 1441 2698 antem
1464 2642 1634 2698 credentium
1657 2642 1811 2707 multitudo,
1827 2627 1892 2710 qt'ria
1913 2647 1975 2709 post

338 2733 439 2800 moros,
463 2744 577 2790 ornatos
599 2736 690 2792 emotis
710 2745 784 2803 essct
805 2750 918 2801 aureus,
941 2737 1055 2794 sidereis
1079 2736 1132 2806 ipsi
1183 2732 1538 2803 persecutionisproccllam
1551 2748 1604 2802 pas
1620 2732 1820 2787 Ecclesiisdata
1834 2729 1975 2797 est,dun·,

338 2824 485 2882 motarent
494 2825 656 2898 lttlgoribus.
671 2826 745 2896 Quos
756 2827 836 2883 sinml
849 2819 931 2898 atquo
943 2829 1070 2885 rtdemm
1083 2828 1130 2894 qni
1183 2824 1334 2893 imperante
1348 2822 1411 2879 lesu
1427 2825 1516 2879 tentis
1530 2833 1558 2879 et
1572 2824 1653 2888 tnari,
1666 2821 1739 2877 lacta
1751 2830 1823 2877 essct
1837 2822 1974 2889 tranquil·

337 2918 464 2981 aderant,
484 2926 559 2973 tanto
587 2919 684 2974 timore
709 2919 825 2990 quadarn
849 2922 875 2975 vl
899 2921 990 2976 divina
1014 2919 1129 2990 perculsi
1183 2916 1257 2972 litos.

335 3015 410 3072 sunt,
428 3007 500 3077 qnod
521 3007 641 3078 fugiente
660 3024 741 3065 sensu
763 3019 845 3081 atque
867 3010 958 3065 atrirua
983 3025 1077 3067 eorum
1100 3010 1127 3066 iu

335 3108 455 3153 mortem
468 3099 540 3155 oculi
555 3099 761 3155 clauderentur.

1553 3102 1590 3124 ὁ·

1556 3140 1563 3155 s

1114 3249 1971 3296 ’ΜΨ-*ως

650 3327 659 3338 ’
705 3409 1107 3525 mutuent
1139 3412 1574 3529 monacus

671 3591 674 3596 ⁴
802 3661 805 3666 ⁴
937 3613 1114 3762 ntes
1142 3647 1365 3762 unum

1128 3880 1177 3923 8Εο

532 4039 600 4169 bt
640 4040 768 4172 litt
810 4042 854 4171 l.
902 4037 1148 4170 tltblllt
1185 4035 1521 4169 ttitltltt
1549 4041 1793 4256 ttldttb

829 4266 831 4269 ’
955 4285 1128 4376 utum
1161 4281 1308 4376 out).

528 4482 572 4554 (ι).
583 4480 665 4538 Bern.
678 4462 774 4536 malm
791 4476 869 4538 ibes.
884 4479 984 4533 duesd.
999 4474 1046 4544 il,
1060 4492 1101 4544 nt,
1114 4475 1161 4544 95,
1175 4491 1209 4533 ex
1225 4475 1287 4532 eod.
1308 4492 1360 4533 ms.
1377 4472 1580 4533 monasteriis.
1595 4473 1758 4547 Laurentii.)

848 5034 854 5041 Ι
928 4870 1321 4990 nnetuuus

361 5175 404 5232 Ad
423 5170 539 5244 gloriam
555 5168 611 5225 bet·
627 5164 834 5239 protectumque
854 5162 998 5234 legentium
1020 5170 1049 5217 et
1065 5166 1153 5225 att-c
1171 5170 1267 5219 serunt
1283 5180 1289 5216 :
1305 5162 1450 5234 posuitque
1467 5176 1499 5217 ea
1516 5160 1542 5217 in
1560 5160 1710 5225 canalibus,
1727 5161 1773 5217 ubi
1788 5177 1857 5232 aqna
1872 5163 1958 5220 ellim·

326 5273 460 5330 dieotium
481 5268 597 5322 uirtutes
611 5269 787 5318 recensentur
808 5268 890 5327 atquo
906 5272 988 5327 otnero
1007 5263 1117 5310 sancto-
1171 5257 1297 5321 debatur,
1324 5264 1364 5323 ut,
1381 5270 1444 5311 eum
1467 5255 1607 5310 venissent
1627 5267 1724 5323 greges
1745 5254 1778 5307 ad
1801 5254 1958 5323 bibendum,

327 5372 401 5429 rttttt,
417 5357 593 5433 quatenusin
608 5354 649 5410 eis
670 5362 852 5424 cognoscatur
873 5358 900 5404 ct
915 5350 1038 5405 laudetur
1055 5363 1118 5419 gra·
1170 5358 1233 5403 ante
1252 5348 1347 5403 octtlus
1365 5348 1498 5404 baberent
1512 5345 1603 5413 uirgas
1617 5358 1693 5409 ores,
1716 5350 1744 5398 et
1764 5344 1791 5399 in
1812 5336 1958 5418 conspectu

328 5457 429 5512 tiaram
443 5453 523 5509 dator
537 5448 681 5516 mirabilis,
696 5463 728 5504 ac
743 5443 880 5517 praeelarae
893 5442 1016 5513 exemplo
1031 5442 1118 5496 rirtu-
1169 5456 1265 5496 carum
1284 5439 1470 5510 conciperent.

329 5554 365 5609 tis
376 5548 500 5608 lecondte
510 5544 745 5617 menteogermina
757 5536 1114 5611 bonaeprolernntactionis.
1204 5533 1243 5588 Eo
1255 5532 1381 5588 nimirum
1395 5531 1474 5587 modo
1488 5529 1513 5585 in
1527 5528 1660 5596 Ecclesia,
1677 5528 1723 5585 ubi
1738 5529 1860 5586 uiuentes
1872 5530 1958 5586 buutrt

328 5643 431 5717 'lypico
456 5641 528 5712 apud
550 5638 694 5695 historiam
715 5635 796 5701 lacto,
811 5648 863 5704 qua
886 5620 1014 5687 scribitur
1033 5629 1117 5686 Jacob
1169 5639 1246 5694 aqum
1267 5622 1387 5692 coelcstis
1411 5620 1559 5688 doctrinm,
1581 5621 1680 5691 quibus
1698 5637 1794 5691 greges
1830 5629 1958 5691 potantur

328 5748 439 5795 „mm
451 5734 547 5803 ,ψ
559 5723 696 5803 'popppgqg
718 5725 818 5783 virtues
830 5732 858 5781 οι
872 5722 1069 5796 amygdalinas,
1089 5734 1117 5777 er
1168 5713 1298 5778 bdelium,
1314 5713 1408 5782 positae
1421 5712 1580 5784 suntrirgae
1597 5712 1706 5775 titides,
1727 5711 1808 5782 virga
1823 5708 1955 5776 candidu,

329 5846 360 5888 ex
374 5828 507 5901 platanis,
528 5834 558 5879 et
572 5838 606 5878 cs
625 5829 701 5892 parte
716 5818 910 5880 decorticasse,
932 5814 1116 5883 detractisque
1167 5806 1255 5863 saneti
1267 5805 1392 5861 uidelicet
1412 5804 1472 5873 tiri,
1487 5805 1587 5875 quibus
1604 5813 1632 5858 ct
1654 5804 1716 5858 ddei
1739 5804 1822 5867 viror,
1849 5800 1957 5856 etrite

327 5919 475 5977 corticibus
485 5917 521 5974 ,ἱιι
540 5916 592 5981 cis,
607 5930 668 5986 quoe
680 5911 795 5983 spoliata
809 5910 929 5972 inerant,
946 5904 1048 5961 candor
1068 5918 1116 5973 ap·
1168 5897 1313 5962 rectitudo,
1327 5899 1485 5969 candorque
1498 5897 1561 5953 boni
1578 5896 1649 5951 inest
1668 5895 1767 5964 operis,
1787 5909 1903 5964 iptorum
1927 5891 1955 5948 lu

326 6012 435 6082 parultg
448 6009 495 6068 illa
505 6023 580 6070 toro.
592 6020 653 6078 quse
664 6003 768 6076 integra
780 6006 869 6073 crant,
883 5997 978 6055 viridia
989 6009 1117 6069 perman-
1168 6000 1289 6064 aspectu,
1300 6006 1415 6063 quorum
1431 5991 1594 6069 dpeornento
1608 5998 1688 6075 atque
1697 5986 1828 6057 exemplis
1842 6002 1918 6056 oues,
1928 5986 1955 6042 td
