4584 6767
328 591 397 667 ιιι
926 601 1167 685 ιιιιιιιιιιιιιιιι
1185 605 1250 660 arn¹
1269 603 1312 661 nt.
1892 605 1944 662 ιιι

331 716 414 788 terat
426 718 528 788 sumus,
540 716 675 787 deficiant,
689 717 756 772 sicut
770 716 831 787 duit
846 730 937 772 seraa
954 715 1023 785 socie
1033 717 1111 787 iquir,
1128 726 1273 783 pareatur
1291 717 1375 773 estin
1391 718 1495 790 institia
1510 727 1538 775 et
1557 721 1702 778 sanctitate
1725 722 1861 794 raritatis,
1881 743 1944 785 enm

329 809 365 864 sis
376 815 482 881 pereant
492 817 641 875 peccatores
653 822 669 859 ιι
683 805 752 875 [acie
763 805 809 860 Dei
823 801 914 876 (l’sal.·
923 803 1018 874 narrt).
1162 816 1239 864 reste
1258 808 1373 879 nuptiali
1395 811 1430 865 ad
1450 795 1522 865 verae
1544 812 1754 883 incorruptionis
1776 817 1884 885 nuptias
1903 818 1946 872 iu·

533 969 539 979 ..
637 895 750 952 CAPUT
769 895 801 950 ll.
1163 904 1236 951 trare
1251 898 1427 965 merebimur,
1441 914 1509 970 quas
1527 900 1593 957 iecit
1611 903 1682 959 Filio
1698 919 1748 960 sno
1763 921 1886 961 summus
1902 908 1947 965 ille

360 986 504 1050 Praeterea,
521 1001 604 1043 unum
626 1000 642 1041 e
660 985 790 1042 iratribus
809 985 910 1041 nostris
932 983 1112 1054 negligentius
1162 984 1232 1051 ilex,
1246 987 1306 1043 coeli
1319 1002 1352 1043 ac
1366 996 1445 1044 terrae
1460 990 1639 1061 principatum
1656 1002 1759 1061 tenens,
1775 1002 1803 1050 et
1823 996 1884 1065 agni
1901 1012 1948 1052 co·

330 1094 358 1137 se
378 1086 520 1150 gerentem
548 1076 688 1132 subitanee
709 1084 737 1131 et
759 1075 904 1146 improvise
927 1073 1039 1145 contigit
1057 1074 1111 1129 sita
1162 1076 1297 1133 medendo
1310 1077 1446 1148 paschalis
1465 1095 1563 1135 carnes
1587 1084 1796 1155 sanguinemque
1816 1086 1947 1156 bibendo,

329 1171 462 1225 decedere
476 1168 531 1222 lten
546 1176 701 1247 expertum,
712 1165 782 1235 quod
797 1166 822 1219 iu
839 1165 1000 1240 Apocalypsi
1015 1165 1113 1233 laqitur
1162 1164 1334 1249 mortiferum
1359 1165 1467 1237 AEgppti
1490 1184 1676 1237 percussorem
1700 1187 1752 1226 non
1780 1174 1946 1241 verebimur,

330 1258 477 1331 (cap-llll}
494 1259 523 1313 Si
546 1274 598 1311 non
620 1256 779 1327 ripilaaeris.
796 1255 897 1309 aeaiam
912 1264 1036 1325 tanquam
1054 1253 1112 1323 sur,
1163 1253 1210 1308 sed
1235 1254 1299 1308 ritae
1324 1256 1527 1311 reservabimur
1552 1268 1659 1315 aeternae
1682 1260 1728 1316 illo
1754 1262 1858 1318 Domini
1882 1279 1948 1335 pro·
1970 1289 2010 1333 ι,

329 1361 352 1407 ιι
373 1351 473 1405 nescies
488 1364 541 1419 qua
563 1348 628 1402 tora
642 1346 743 1401 aeniaan
758 1346 792 1399 nd
814 1355 847 1400 te.
863 1344 913 1400 llic
929 1346 1035 1401 cuidam
1052 1345 1114 1400 reli·
1164 1344 1248 1399 misso
1262 1360 1269 1396 ε
1283 1345 1335 1410 Qui
1355 1346 1496 1401 manducat
1518 1365 1600 1402 nreuru
1616 1364 1767 1415 carneuna
1786 1355 1948 1412 titianum

328 1444 402 1515 pioso
427 1457 480 1512 per
496 1441 582 1495 risum
598 1440 732 1509 apparuit,
745 1448 771 1493 et
788 1438 963 1507 interroganti
979 1438 1113 1508 quomodo
1164 1435 1327 1504 sanquinem,
1342 1436 1417 1491 dalet
1432 1440 1510 1492 aitaur
1525 1449 1664 1504 eternum,
1680 1452 1704 1495 ιι
1720 1458 1765 1512 eqo
1789 1446 1947 1502 resuscitabo

328 1534 399 1587 eirea
415 1548 446 1587 se
460 1540 601 1604 ageretur:
614 1544 722 1601 aspera,
739 1529 837 1598 inquit,
849 1537 877 1581 et
890 1526 1010 1583 luctuosa
1022 1542 1123 1597 quam·⁸
1164 1543 1222 1582 eum
1234 1530 1261 1581 in
1277 1529 1414 1583 nouissimo
1430 1530 1473 1585 die
1491 1530 1581 1595 (ioan.
1597 1534 1646 1602 ιι).
1662 1532 1717 1589 Ηοι
1728 1534 1859 1605 siqnidem
1872 1539 1947 1594 mirae

328 1625 368 1679 ris
390 1624 515 1679 lalrorem
533 1622 712 1693 peonitentia,
729 1620 797 1675 uilril
823 1629 912 1675 tamen
937 1634 980 1675 me
1004 1621 1114 1690 pravius
1166 1611 1366 1686 ineffabilisque
1379 1618 1537 1687 mysterium
1551 1617 1687 1686 elilcaciae,
1699 1637 1751 1691 qna
1766 1639 1828 1678 cnm
1841 1626 1897 1680 lieo
1908 1628 1946 1683 dii

328 1715 412 1785 angit,
428 1713 498 1769 uiuit
515 1713 633 1767 amarius
645 1721 727 1767 terret
737 1728 817 1781 quarn
833 1697 985 1767 recordatio
1000 1710 1071 1766 illins
1085 1712 1111 1767 iu
1164 1704 1308 1772 efficimur,
1325 1722 1377 1777 qua
1393 1707 1503 1764 Clttlsto
1517 1723 1757 1781 concorporamur,
1772 1714 1949 1783 quemadmo-

328 1804 462 1873 „pmbos
478 1802 738 1857 animaduersionis:
755 1801 885 1856 prmum
901 1818 917 1855 a
932 1802 1113 1873 m0„mateqr.
1164 1792 1228 1847 dnm
1242 1804 1270 1849 et
1284 1796 1340 1865 ipse
1354 1796 1453 1851 asserit
1468 1814 1474 1850 :
1491 1797 1544 1863 Qui
1555 1801 1696 1855 ttrandueat
1709 1817 1793 1857 meum
1806 1820 1909 1858 caraem
1921 1815 1948 1861 et

327 1896 372 1959 eti,
384 1896 414 1947 in
428 1895 515 1963 ipnera
527 1903 652 1948 aternum
667 1892 712 1961 qui
729 1902 838 1961 paratus
850 1902 887 1946 ιιι
900 1892 1003 1946 diodoto
1019 1899 1044 1947 ιι
1063 1909 1113 1947 ap.
1165 1885 1229 1940 titia
1243 1902 1327 1940 meum
1343 1888 1506 1958 sanqrtinem,
1528 1890 1555 1943 in
1567 1906 1607 1943 are
1621 1902 1709 1947 maaet
1730 1905 1754 1948 ιι
1776 1911 1821 1964 eqo
1837 1896 1863 1949 in
1879 1897 1947 1951 illo:

326 1985 392 2054 pelte
404 1986 465 2055 ejus
478 1983 587 2056 (natan,
605 1984 678 2053 m),
689 1982 766 2039 Unde
778 1997 826 2053 per
837 1990 891 2036 tam
906 1971 1071 2038 tremendum
1089 1993 1113 2038 ιι
1165 1975 1233 2030 sicut
1255 1976 1324 2030 misit
1345 1992 1387 2030 sne
1401 1978 1485 2032 uirens
1502 1976 1593 2045 Pater,
1607 1991 1631 2035 et
1642 1997 1688 2051 eqo
1702 1983 1758 2037 nina
1776 1995 1882 2055 propter
1895 1986 1949 2041 Pa·

325 2077 446 2148 iudicem
459 2084 609 2143 contestor,
625 2082 655 2129 ut
670 2090 719 2144 pro
729 2074 797 2130 nteit
809 2088 870 2129 ores
884 2074 986 2130 intente
998 2074 1114 2130 miseriis
1129 2058 1151 2116 Β
1167 2076 1241 2131 trem.
1258 2077 1283 2124 0²
1297 2070 1342 2139 ‘il‘i
1363 2071 1504 2125 *indicti
1521 2089 1573 2138 me·
1588 2066 1665 2129 niret'
1675 2085 1699 2130 ‘¹
1720 2078 1775 2146 ⁵9⁸²
1791 2090 1896 2150 limile?
1908 2098 1949 2137 Μ

328 2178 355 2225 et
378 2178 408 2222 tn
434 2169 492 2238 ipse
506 2176 564 2222 esto
585 2166 713 2236 uigilans,
738 2175 820 2236 atque
844 2178 964 2221 mentora
989 2178 1113 2235 semper,
1166 2158 1263 2230 (itin).
1281 2160 1364 2216 Unica
1382 2172 1487 2218 vereat
1507 2166 1657 2234 appetenda
1680 2168 1760 2224 nimis
1781 2172 1879 2240 portio,
1894 2187 1947 2241 qua

328 2259 458 2331 quoniam
483 2259 511 2312 in
526 2260 651 2323 mentoriu
675 2266 774 2311 ecteana
797 2257 846 2311 erit
864 2256 975 2328 justus,
993 2257 1115 2312 ulerunt.
1165 2249 1246 2317 eligite
1261 2250 1426 2321 participans
1447 2267 1537 2323 regem
1558 2267 1700 2311 venturum
1720 2258 1831 2316 habebit
1854 2264 1948 2332 procul

328 2349 400 2403 tt'otre
414 2348 487 2420 mula
503 2363 555 2402 non
566 2347 664 2401 timebit
678 2344 765 2415 (Psoi.
777 2347 844 2416 ιιι).
1165 2338 1248 2394 tlnlrio
1260 2348 1397 2408 pacatum,
1414 2350 1495 2412 atque
1510 2345 1657 2400 secundum
1672 2362 1769 2402 nornen
1786 2346 1850 2404 leni
1870 2352 1949 2405 timo·

362 2438 442 2494 lianc
469 2439 551 2508 igitur
573 2437 737 2492 auditionem
754 2437 869 2503 malam,
891 2438 1077 2507 auditionem,
1098 2453 1116 2496 n
1166 2430 1232 2485 ratis
1249 2430 1363 2485 addetur
1385 2431 1456 2496 iltis,
1471 2432 1506 2488 de
1522 2434 1620 2503 quilius
1634 2438 1765 2508 seriptum
1787 2447 1828 2494 est
1844 2457 1853 2498 a
1869 2438 1948 2496 Vadis

329 2528 423 2592 amici,
446 2537 502 2583 qm
521 2526 693 2582 desolabilem
715 2527 755 2582 stc
781 2528 921 2584 audiamus
951 2530 1056 2584 interim
1081 2545 1115 2586 ex
1166 2532 1253 2575 autem
1265 2521 1414 2577 timentibus
1431 2539 1523 2580 nornen
1540 2536 1624 2583 ιιιιιιιιι
1636 2529 1735 2584 orietur
1744 2530 1784 2585 sol
1791 2530 1912 2602 justitiae.

330 2619 486 2689 Eranqelio,
503 2628 634 2688 quatenus
647 2619 682 2674 ab
694 2634 725 2674 ea
739 2634 790 2675 non
807 2620 950 2676 timeamus
964 2622 990 2674 in
1002 2622 1114 2692 judicio.
1365 2670 1367 2672 .
1469 2620 1583 2679 Clll’lll‘
1602 2622 1676 2687 tlt„
1955 2605 1962 2620 ⁰

330 2712 505 2786 maionem
518 2711 698 2765 mittamusad
712 2719 815 2766 rantum
830 2710 940 2781 negata,
954 2713 1115 2770 dalmantiae
1200 2704 1234 2759 lit
1246 2705 1281 2762 ola
1293 2714 1413 2763 restrum
1432 2708 1525 2779 ntique
1543 2712 1692 2781 proiectum
1707 2731 1763 2771 rem
1785 2719 1861 2774 rolris
1879 2718 1949 2774 rele-

315 2801 409 2871 qwgg
425 2801 492 2870 agit,
508 2799 571 2854 dum
588 2800 628 2854 sui
652 2809 802 2879 remorplqpq·
823 2800 950 2871 impetum
969 2802 1115 2871 aduentus,
1166 2795 1356 2862 ramdrnltetl,
1374 2811 1455 2866 quam
1470 2800 1550 2853 didici
1572 2804 1784 2859 nosilocllitliln
1804 2805 1948 2875 aliquando

330 2902 411 2961 atque
423 2903 591 2959 rogemus&
606 2906 666 2960 quaa
677 2892 753 2959 pilcis
776 2891 1115 2959 sun[,qu,e1siqlepem
1167 2884 1295 2939 latniliarl
1316 2886 1458 2942 accidisse·
1477 2887 1609 2945 Sacerdos
1622 2901 1680 2947 elai
1698 2896 1807 2949 elsatl'i
1828 2897 1951 2953 ministe-

329 2982 446 3037 ntillium
467 2978 630 3051 suffragetur
641 2981 717 3051 copia
733 2981 820 3048 uobis,
837 2980 1012 3038 formidabile
1027 2963 1115 3039 tamen
1168 2975 1236 3031 rium
1251 2976 1346 3032 altaris
1361 2984 1391 3033 ut
1403 2978 1577 3045 desiderium,
1592 2981 1632 3038 sia
1646 2981 1761 3039 lraitcbat
1771 2986 1852 3041 etiarn
1868 3002 1946 3042 usum

330 3081 371 3127 est
381 3072 512 3142 congredi
527 3062 592 3127 cum
606 3072 662 3137 illo,
676 3073 721 3143 qui
741 3088 803 3129 cum
826 3073 920 3143 uiginti
937 3073 1055 3128 millibus
1071 3080 1117 3131 oe·'
1167 3067 1292 3138 exsequi,
1308 3068 1396 3137 pieac
1409 3067 1526 3126 lldeliter
1540 3068 1714 3140 frequentans
1728 3078 1858 3130 memoria
1874 3077 1948 3132 illam

330 3173 425 3218 currat
441 3162 491 3227 illi,
514 3163 632 3218 manime
653 3163 705 3218 Dco
720 3172 748 3218 et
768 3149 880 3229 ltomiui,
902 3163 1016 3220 Domino
1031 3165 1118 3220 virtu.
1167 3158 1296 3214 Ecclesiae
1316 3160 1349 3213 ad
1371 3160 1456 3215 Deum
1476 3152 1699 3231 supplicationem
1715 3179 1723 3217 a
1740 3162 1858 3220 Concede
1876 3168 1950 3222 nodis

331 3254 493 3323 tum,1lcqi
511 3253 616 3327 aloriae,
642 3254 687 3324 qui
713 3268 762 3309 stro
787 3251 867 3308 lacile
888 3253 968 3325 duplo
993 3261 1116 3310 nostrum
1167 3251 1234 3316 Ιιιιι,
1249 3266 1410 3323 quaeruntur,
1425 3251 1544 3318 lloraine,
1556 3252 1948 3327 frequetttarefmpsteria,quin,

331 3357 451 3403 atterere
472 3348 597 3418 simplum
612 3347 708 3418 possit,
722 3347 785 3402 dum
799 3356 826 3403 ιι
846 3345 896 3402 lob
912 3347 995 3412 dicat,
1010 3347 1054 3403 ille
1070 3347 1115 3402 Dei
1166 3342 1266 3412 quoties
1278 3341 1359 3411 dajus
1369 3343 1463 3397 dastioe
1483 3345 1693 3400 somnaemaratio
1710 3345 1865 3415 celebratur,
1884 3366 1948 3418 optes

332 3454 441 3510 quoqne
455 3439 610 3495 testimonio
627 3439 669 3493 vir
689 3437 801 3507 simplex
820 3445 848 3493 et
863 3444 952 3492 rectus
965 3451 998 3492 ac
1019 3437 1117 3492 timeus
1167 3441 1262 3488 natltoe
1276 3435 1611 3504 tedentplt'nnt'tewcelttr.

331 3532 417 3587 neum
435 3542 463 3588 eq
476 3532 606 3588 medens
623 3548 638 3587 a
654 3519 747 3586 maim
768 3531 831 3586 pm
845 3533 910 3594 κιο,
925 3531 994 3601 (μοι
1007 3548 1057 3586 „on
1070 3532 1117 3601 ju·
1202 3521 1323 3588 Quodam
1335 3524 1419 3596 igitur
1437 3542 1517 3584 mane
1530 3543 1599 3599 opus
1616 3530 1760 3588 exercebat
1779 3543 1832 3590 tam
1846 3507 1953 3593 deside

331 3624 547 3694 stipieetnrltorno
560 3626 717 3692 compositus
732 3625 795 3689 Deo,
808 3626 832 3679 si
842 3623 951 3678 noluerit
963 3626 1117 3679 contendere
1167 3612 1261 3679 ”bilis
1278 3627 1338 3668 0⁰¹¹!
1355 3616 1423 3670 inssi
1437 3632 1584 3684 canonem,
1604 3622 1706 3676 ὅΰῑῑῑΰθῑ
1724 3624 1787 3679 ‘1⁰¹⁰
1802 3641 1901 3697 “llllus
1922 3637 1950 3684 0¹

331 3732 392 3771 esst
411 3732 455 3777 eo.
470 3730 521 3770 aen
542 3716 638 3783 poterit
653 3716 677 3770 ei
691 3715 844 3784 respondere
859 3730 939 3769 unum
960 3730 1008 3782 pro
1025 3714 1114 3768 milte-
1167 3705 1324 3774 sanquinem
1346 3706 1403 3776 jam
1427 3717 1614 3766 consecrasset
1638 3712 1819 3780 lluminienm,
1840 3730 1950 3787 repente

329 3806 436 3873 sapiens
452 3804 532 3857 eorde
544 3813 593 3868 est,
608 3816 633 3858 et
650 3805 728 3875 {artis
749 3804 857 3867 rudore,
870 3796 928 3873 quis
944 3804 1039 3857 resistit
1054 3804 1117 3858 siet
1168 3795 1258 3862 modo,
1270 3811 1351 3865 (tuem
1375 3799 1482 3868 assequi
1496 3800 1609 3858 diceudo
1627 3802 1739 3859 minime
1759 3819 1878 3873 possum,
1894 3817 1949 3862 tam

329 3910 422 3966 peceat
442 3893 556 3968 dalani,
572 3891 699 3963 (dolas.)
720 3890 858 3961 Siquidem
882 3900 908 3946 ιι
926 3892 1116 3961 prophetarum
1168 3884 1356 3953 spiritualibus
1379 3900 1461 3956 qnam
1487 3890 1674 3959 corporalibus
1697 3892 1784 3949 oculis
1805 3909 1897 3951 coram
1921 3913 1951 3952 se

330 3985 503 4041 clarissimus
520 3981 605 4038 lsaias
622 3986 699 4055 (cap.
711 3987 803 4054 arnul:
820 3982 897 4038 l'ucti
913 3999 1016 4049 stemus,
1029 3984 1076 4049 ait,
1088 3993 1117 4037 ut
1167 3977 1236 4032 titlit
1258 3992 1370 4047 puerum
1392 3980 1419 4034 in
1436 3995 1517 4036 cruce
1529 3983 1702 4053 pendentem,
1718 3985 1845 4060 decajus
1867 3988 1951 4045 latore

331 4073 488 4146 inrnssndss
498 4088 586 4127 omnes
600 4088 659 4137 ιιι,
670 4072 746 4143 quasi
758 4087 862 4140 pannus
872 4080 1040 4126 menstruatae
1053 4072 1116 4126 uni·
1167 4082 1199 4126 ac
1211 4070 1234 4125 si
1250 4070 1389 4127 uulnerato
1400 4072 1533 4129 stillarent
1546 4075 1655 4146 sanguis
1664 4084 1691 4130 et
1703 4090 1772 4145 aqna
1786 4078 1812 4132 iu
1825 4078 1948 4136 calicem.

331 4182 414 4221 tersae
433 4163 551 4231 justitio
575 4172 691 4227 nostrae,
712 4172 736 4216 et
763 4163 903 4216 cecidintus
925 4163 999 4230 qnasi
1024 4161 1117 4230 solium
1167 4158 1236 4213 lium
1260 4176 1326 4216 reno
1346 4161 1380 4216 ad
1403 4162 1571 4219 llotninicam
1588 4166 1708 4221 uenisset
1727 4167 1895 4233 arationem,
1910 4170 1952 4223 ri-

331 4254 465 4316 anieersi,
485 4264 518 4314 ιιΙ
528 4252 681 4323 iniquitates
696 4259 793 4304 nostru
810 4250 886 4319 quasi
899 4259 988 4304 uentus
1001 4250 1117 4305 abstule-
1168 4250 1244 4305 sione
1258 4251 1348 4307 subito
1361 4252 1502 4309 immutata
1520 4254 1645 4310 eumdem
1659 4270 1774 4325 puerum
1788 4270 1839 4312 non
1851 4256 1906 4326 lam
1922 4259 1950 4313 in

332 4354 394 4398 rust
410 4359 468 4399 nos.
482 4342 511 4396 Si
523 4350 613 4398 antem
628 4340 695 4400 tales
703 4339 817 4409 justitias
830 4347 941 4406 nostrae,
959 4332 1041 4409 igitur
1051 4355 1118 4411 qua-
1168 4356 1249 4397 cruce
1262 4344 1392 4411 pendere,
1407 4344 1456 4399 sed
1472 4345 1498 4398 in
1512 4344 1580 4400 solio
1595 4345 1791 4414 contemplatus
1809 4356 1851 4402 est
1865 4348 1951 4417 maje-

331 4435 372 4491 las
389 4434 547 4505 injustitia?
589 4446 597 4460 ·
789 4448 812 4458 ··
872 4507 874 4513 ἢ
1168 4428 1247 4483 statis
1269 4429 1389 4484 residere
1412 4430 1488 4500 juxta
1511 4431 1575 4486 illud
1604 4433 1781 4502 apostolicum
1801 4451 1808 4488 ι
1828 4433 1950 4490 Videntur

368 4524 564 4590 Quamobrem,
577 4525 614 4579 mi
628 4524 740 4590 iratres,
755 4524 875 4595 pucilleae
894 4523 1036 4593 legationis
1049 4538 1118 4594 prae-
1167 4518 1258 4573 lerum
1271 4528 1376 4588 propter
1388 4520 1535 4585 passionem
1550 4510 1642 4575 scortis
1656 4520 1740 4591 picria
1753 4530 1779 4576 et
1796 4522 1893 4576 donare
1907 4539 1953 4576 co·

333 4612 478 4667 mittamus
489 4613 609 4677 obsides,
630 4613 749 4684 pretiosa
774 4614 878 4669 scilicet
899 4612 969 4678 nuri,
992 4614 1078 4668 thuris
1091 4621 1119 4669 et
1170 4620 1290 4666 nonatum
1309 4607 1396 4678 (Rom.
1416 4605 1567 4678 ullisque
1588 4608 1633 4663 illa
1649 4609 1765 4665 sumenti
1779 4618 1950 4665 sacramenta

333 4703 456 4775 myrrha
473 4719 595 4772 manera,
611 4721 707 4760 aurum
723 4705 799 4775 reqi,
814 4704 996 4774 nosmetipsos
1018 4704 1052 4759 ad
1075 4720 1117 4759 re-
1133 4722 1155 4776 ι)
1169 4702 1287 4771 qualiter
1309 4701 1336 4755 in
1359 4699 1448 4770 palato
1462 4700 1553 4755 cordis
1568 4700 1610 4755 uel
1633 4701 1689 4756 oris
1709 4708 1772 4757 tuuc
1793 4701 1950 4770 sapuerint.

333 4794 427 4867 qulam
450 4795 635 4852 institutorum
659 4798 745 4866 ipsius
760 4811 871 4852 auream
892 4795 1034 4866 rependo:
1056 4795 1118 4851 ιιιιιι
1169 4809 1249 4863 snpra
1266 4802 1377 4858 meest;
1400 4792 1474 4848 notit
1495 4792 1563 4861 lpse,
1576 4792 1620 4846 cui
1637 4792 1728 4847 taliter
1740 4806 1901 4847 concessum
1915 4792 1952 4847 sit

333 4890 394 4947 lieo
417 4892 448 4945 in
470 4905 517 4945 ara
540 4905 590 4946 nos
607 4890 825 4960 compunctionis
845 4888 1038 4951 sacrillcantes,
1055 4886 1117 4955 qtria
1168 4896 1276 4954 gustare
1290 4892 1318 4938 et
1333 4884 1436 4946 nidere,
1450 4881 1682 4951 qnoniamsnanis
1696 4888 1738 4935 est
1758 4882 1897 4936 Dominus.

332 4980 503 5038 sacrillclum
526 4979 580 5035 noo
601 4978 1001 5050 spirituscotttrlbulatus,aor
1017 4964 1119 5032 contri·
1156 4992 1161 4997 ·
1204 4976 1259 5032 Vos
1281 4987 1371 5030 autem
1393 4957 1528 5043 quomodo
1548 4973 1701 5042 accipiatis,
1727 4987 1786 5042 qnae
1808 4974 1947 5039 dicuntur,

333 5079 395 5127 tum
410 5079 439 5125 et
456 5068 630 5146 ltumilistnm
647 5068 719 5126 Dens
734 5082 793 5127 non
803 5067 933 5136 despiciet
948 5083 955 5118 ι
970 5065 1118 5135 myrrham,
1169 5068 1304 5139 quomado
1327 5066 1433 5135 sapiant
1456 5064 1550 5129 voltis,
1572 5063 1689 5132 produnt
1712 5062 1856 5134 lacrymae,
1880 5077 1950 5131 quas
1966 5048 1969 5054 ⁵

334 5169 368 5215 nt
380 5174 489 5228 semper
503 5158 738 5214 mortificationem
758 5154 821 5211 lesu
846 5158 872 5211 in
899 5169 1012 5224 corpore
1026 5167 1119 5210 nostro
1169 5154 1306 5210 deducunt
1325 5151 1395 5207 oculi
1409 5151 1492 5221 uestri
1503 5190 1511 5216 ,
1524 5152 1587 5205 dum
1601 5159 1629 5205 ιι
1643 5150 1806 5206 uersiculum
1824 5149 1950 5205 recolatis

335 5249 572 5313 circumferamus,
583 5258 614 5305 at
624 5258 651 5305 ιι
664 5251 719 5304 uita
733 5248 796 5304 lesu
811 5248 839 5304 in
849 5247 1008 5316 corporibus
1019 5246 1119 5300 uostris
1171 5244 1244 5300 illum
1259 5257 1267 5298 ι
1280 5241 1380 5296 clicuit
1399 5257 1442 5296 aus
1465 5257 1498 5296 es
1523 5240 1600 5308 adipe
1624 5238 1759 5308 praemunt,
1781 5247 1804 5292 et
1823 5236 1855 5290 de
1876 5246 1950 5304 petru

333 5342 536 5399 manitestetor.
549 5340 628 5396 tntu
643 5340 825 5395 Ecclesiasten
845 5338 916 5409 (cap.
932 5337 982 5408 ιι),
999 5337 1118 5405 inqnatu,
1170 5334 1246 5390 melle
1265 5335 1393 5388 saturavit
1408 5349 1451 5387 eos
1472 5330 1570 5401 (Paule
1583 5330 1680 5399 uxxr);
1694 5336 1722 5381 et
1741 5328 1813 5396 qnod
1836 5342 1951 5398 grauium

334 5438 413 5495 amni
438 5445 559 5507 tempore
582 5435 638 5491 sint
654 5434 817 5490 uestimenta
841 5431 1076 5497 nostraeaudida,
1092 5436 1120 5486 ct
1170 5421 1299 5475 frumenti
1327 5420 1431 5475 cadens
1446 5420 1472 5472 in
1495 5428 1594 5473 terram
1617 5424 1751 5471 mortuum
1774 5416 1974 5481 inerit,mul·'
2052 5468 2055 5477 ,

335 5534 428 5589 οιιιιιιι
441 5530 576 5598 decapite
589 5536 683 5583 nostro
696 5539 748 5580 non
760 5523 879 5585 deliciet,
893 5531 922 5576 ut
936 5522 1021 5575 uineae
1036 5519 1118 5574 easti-
1172 5520 1283 5581 tumque
1297 5510 1414 5564 lrttetnm
1428 5508 1557 5563 attulerit.
1574 5505 1659 5576 iltrjus
1674 5507 1753 5577 adipe
1764 5507 1860 5573 cibari,
1875 5509 1953 5565 niden

338 5622 404 5678 tatis
424 5636 475 5676 nos
494 5618 595 5688 inaniter
615 5616 748 5672 adornent
771 5613 836 5676 lilia,
852 5621 879 5667 et
902 5609 979 5666 olinae
1000 5608 1120 5678 coelestis
1170 5599 1234 5655 licet
1252 5599 1352 5655 Christi
1363 5612 1480 5667 ¹corpore
1493 5606 1521 5652 et
1535 5598 1666 5668 sanquine
1677 5598 1711 5653 ad
1726 5609 1850 5654 sanctum
1866 5598 1951 5652 altaro

338 5712 440 5777 olenttu
455 5711 483 5766 id
499 5720 542 5765 est
558 5709 676 5779 Spiritus
686 5707 774 5764 saneti
789 5706 882 5762 unctio
894 5702 1030 5758 interioris
1040 5707 1121 5769 capnt
1171 5693 1307 5766 saginari,
1331 5692 1366 5748 de
1390 5700 1465 5761 petra
1490 5691 1570 5747 melle
1594 5690 1723 5757 saturari,
1746 5691 1829 5747 rerba
1848 5688 1951 5744 scilicet

306 5863 311 5870 ,
339 5802 479 5867 hominis,
499 5802 527 5857 id
552 5809 666 5858 esl'cor
690 5808 810 5855 nostrum
833 5795 991 5865 impinguet.
1016 5790 1119 5845 Etenim
1172 5784 1327 5841 licianima
1341 5791 1462 5838 ventrem
1482 5782 1629 5852 adimplere
1643 5780 1764 5836 uotiuum
1780 5787 1861 5846 atque
1878 5792 1948 5847 prac-

339 5908 423 5949 semu
436 5892 588 5964 apostolico
601 5893 637 5947 ita
651 5890 770 5946 renouati
786 5887 882 5958 spiritu
898 5882 996 5941 mentis
1011 5889 1120 5944 nostre,
1171 5875 1279 5943 cipuum
1306 5872 1430 5936 ltabetis.
1458 5871 1684 5943 quemadmodum
1711 5878 1753 5925 est
1779 5867 1843 5924 illud
1874 5867 1948 5922 Psal-

339 5992 368 6040 οι
391 5983 478 6050 ῑιιᾱιιῑ
502 5992 600 6040 nauum
623 5982 777 6044 hominem,
798 5978 845 6037 otti
864 5975 1012 6033 secundnm
1037 5972 1120 6027 Deum
1173 5966 1259 6023 mista
1283 5981 1290 6018 ι
1318 5962 1403 6035 Qttarn
1425 5964 1512 6019 dulcia
1536 5962 1656 6030 [analdus
1675 5961 1737 6021 nais
1760 5960 1864 6037 eloquia
1886 5970 1949 6030 tun,
