4584 6767
374 564 444 642 sset
997 563 1195 631 ctttttltttts
1212 564 1245 619 lll
1265 565 1367 621 PAPAE
1933 569 2006 627 taes

372 689 478 748 petrata
489 681 637 760 >ltriquitnte
650 690 811 753 cognoscat,
825 690 852 737 et
867 698 883 738 a
899 684 1087 741 sacratissimo
1099 700 1163 742 cor·
1177 687 1201 749 Α
1215 685 1369 756 disciplinis
1378 684 1558 755 aturriputeoti
1573 684 1688 741 lionaino
1703 684 1882 741 deservirent.
1900 684 2004 742 Praedi-
2019 679 2023 700 ⁹

312 773 317 785 '
371 764 439 844 pore
451 779 480 827 et
493 772 629 844 sanguine
644 772 691 827 lici
703 782 731 827 et
748 770 857 828 Domini
874 772 1063 847 lledcmptoris
1075 776 1163 832 nostri
1214 788 1275 835 ctus
1289 787 1380 833 111111
1395 778 1543 848 episcopus
1557 794 1612 833 non
1633 793 1727 833 umore
1743 765 1884 849 religionis
1899 778 2005 843 induci,

335 874 339 887 ·
371 861 437 920 lesu
451 862 554 956 ebriati
567 862 656 919 aliena
671 863 730 932 liat,
752 872 836 935 atque
856 864 883 918 in
898 873 1023 920 extremo
1035 858 1164 923 examine
1214 883 1266 924 nec
1276 868 1435 939 apostolicis
1445 868 1619 940 jussionibus
1630 868 1718 939 putuit
1736 868 1864 935 rruolliri,
1878 877 1909 924 ut
1922 882 1938 923 a
1952 868 2004 924 du·
2022 881 2027 898 ⁴

370 956 504 1013 districtae
517 956 614 1014 ultioni
635 957 786 1028 subjaceat.
815 958 928 1014 Cunctis
957 967 1049 1014 autem
1074 962 1162 1017 eitlctn
1213 959 1287 1028 titia,
1304 976 1388 1030 quarn
1403 959 1430 1015 in
1454 960 1591 1015 utandatis
1606 959 1764 1030 apostolicis
1777 945 1875 1015 solitus
1893 969 1936 1016 est
1951 960 2004 1016 lra-

370 1045 433 1105 loco
461 1064 512 1105 sua
533 1048 598 1120 iura
625 1052 800 1107 servantibus
816 1052 852 1109 sit
867 1068 919 1121 par
937 1051 1044 1108 Domini
1074 1055 1162 1111 ooetri
1213 1048 1290 1116 berc,
1304 1065 1334 1106 se
1346 1059 1517 1107 converteret
1530 1050 1564 1104 ad
1578 1051 1771 1123 benignitatem
1790 1050 1944 1117 charitatis,
1959 1054 2006 1109 cui

242 1171 245 1182 ·
334 1189 338 1196 .
371 1140 436 1200 teau
455 1142 724 1215 cirristi,quateaus
739 1145 825 1202 ctbic
842 1143 963 1201 fructum
982 1146 1163 1203 buuaactio
1213 1140 1267 1211 pia
1288 1142 1413 1211 petitioni
1433 1155 1460 1198 et
1471 1152 1534 1198 ruta
1555 1142 1684 1197 laudaturi
1710 1142 1873 1212 poturanus
1887 1158 2007 1198 conseo·

372 1232 417 1290 ais
429 1233 592 1304 percipiant,
609 1242 635 1288 et
655 1235 897 1305 apud‘districtum
913 1235 1034 1308 judicem
1048 1237 1162 1307 praemia
1213 1247 1262 1287 sus
1277 1233 1492 1289 benevolentiam
1504 1234 1667 1305 indulgeret.
1680 1231 1757 1288 Unde
1768 1233 1928 1288 discretioni
1942 1250 2006 1291 res·

370 1332 481 1380 aeterna
495 1326 572 1395 pacis
585 1326 736 1384 inveniunt.
747 1329 846 1384 Amen.

380 1451 385 1474 t
406 1414 466 1487 ligo
480 1416 607 1473 Clemens
622 1419 764 1475 eatlrolicae
776 1418 904 1478 Ecclesia
914 1423 1071 1493 episcopus.

405 1501 463 1575 Ego
475 1500 649 1561 Tbcobaldus
662 1504 815 1563 liostiensis
830 1516 858 1565 et
869 1507 1163 1583 Velletrensisepisco·

390 1610 435 1652 us.

370 1610 466 1836 {Ego
504 1689 625 1750 ioannes
660 1696 754 1765 presb.
786 1694 921 1753 cardinal.
958 1697 1030 1753 titul.
1068 1696 1163 1754 Sancti

398 1798 466 1838 aret.

407 1874 464 1947 Ego
485 1876 643 1947 Laborabo,
659 1882 751 1950 presb.
767 1883 844 1939 card.
859 1882 967 1938 Sancta
979 1882 1074 1939 llariae
1085 1892 1163 1940 trans

371 1963 491 2023 Tiberim
509 1969 552 2026 tit.
575 1971 687 2027 calixti.

406 2059 464 2130 aas
477 2059 629 2120 randulfus
651 2065 744 2135 aar.
760 2066 836 2123 earu.
855 2064 1030 2121 martiuum
1048 2024 1202 2138 ansruss

372 2152 474 2206 lorum.

406 2238 574 2312 muneror
592 2245 685 2316 naa
712 2247 788 2304 aru.
816 2246 867 2305 ss.
887 2215 1004 2306 tornius
1021 2257 1050 2304 u
1073 2246 1163 2309 1111

371 2332 405 2391 tit
415 2330 595 2392 Pammacbii.

370 2423 464 2573 uligo
475 2425 576 2483 Petrus
595 2428 689 2499 presb.
713 2430 846 2488 cardinal.
872 2432 944 2490 titul.
964 2433 1072 2519 sancta
1086 2430 1165 2488 Ceci-

390 2532 426 2574 ae.

407 2609 464 2679 Ego
494 2610 657 2686 liudulphus
693 2594 764 2672 titul.
796 2618 890 2676 Sancti
914 2563 1046 2677 Praxedis
1069 2574 1162 2698 presb.

292 2689 299 2699 ’
372 2701 448 2758 eard.

406 2792 464 2866 Ego
487 2794 608 2854 lacobus
634 2800 745 2858 diacon.
776 2802 911 2859 cardinal.
939 2802 1047 2859 Sanctae
1070 2803 1164 2861 ttartae

369 2883 529 2945 cosmedin.

370 2974 463 3126 οιξύει)
476 2976 625 3096 Gratianus
642 2981 693 3040 SS.
718 2984 826 3042 (iosmae
848 2995 875 3042 et
899 2987 1023 3044 liantiani
1049 2988 1161 3047 diacon.

406 3159 463 3307 Edgo
487 3161 655 3222 Octavianus
682 3165 733 3222 SS.
765 3168 854 3241 Sergii
879 3180 907 3227 et
924 3170 1026 3229 Baecbi
1049 3173 1159 3230 diacon.

371 3267 419 3309 car
440 3291 448 3307 .

1214 1330 1263 1378 trae
1288 1339 1335 1396 per
1358 1327 1508 1396 apostolica
1537 1327 1640 1397 scripta
1665 1325 1845 1391 mandamus,
1869 1336 2008 1398 quatenus

1208 1431 1275 1473 reum
1296 1418 1443 1474 admonere
1457 1418 1620 1489 propensius
1631 1427 1659 1473 et
1669 1417 1797 1474 iuducere
1810 1418 1950 1486 laboretis,
1964 1426 2007 1487 ut,

1214 1510 1366 1592 secundum
1378 1510 1453 1580 quod
1469 1511 1551 1565 toties
1573 1509 1601 1565 iu
1628 1509 1765 1566 mundatis
1784 1510 1899 1579 accepit,
1914 1510 1948 1565 de
1960 1526 2008 1566 ec-

1213 1600 1296 1657 clesia
1314 1600 1407 1657 Sancti
1426 1600 1495 1673 Lupi
1517 1600 1664 1658 'luccensis
1690 1601 1841 1656 canonicos
1867 1601 2008 1672 regulares

1213 1702 1347 1761 assumat,
1362 1702 1390 1748 ct
1402 1708 1451 1749 eus
1465 1693 1492 1748 in
1509 1693 1640 1764 praedicta
1654 1692 1781 1757 ecclesia,
1795 1692 1879 1749 salvis
1890 1693 2010 1762 justitiis

1213 1786 1345 1843 omnibus
1359 1787 1523 1842 dioecesanae
1538 1785 1663 1851 rationis,
1677 1785 1812 1852 instituat,
1826 1800 1874 1855 por
1891 1798 1963 1854 uuas
1980 1794 2008 1839 ct

1214 1876 1356 1948 religionis
1369 1876 1440 1932 ordo
1451 1876 1580 1933 dilatetur
1592 1885 1620 1931 et
1634 1886 1749 1943 crescat,
1766 1885 1793 1931 et
1807 1883 1861 1929 tarn
1873 1873 2010 1944 jussioni·

1214 1967 1267 2025 bus
1279 1968 1438 2040 apostolicis
1459 1983 1542 2039 quam
1565 1968 1719 2025 fundatoris
1744 1966 1880 2024 desiderio
1895 1965 2020 2041 1111111-Ι

1216 2062 1288 2129 ciat;
1302 2061 1375 2131 quod
1390 2062 1414 2117 si
1435 2059 1505 2116 inira
1523 2061 1633 2132 triginta
1644 2061 1703 2115 dies
1718 2069 1779 2131 post
1790 2058 2008 2114 adtnonitionern

1216 2163 1335 2209 vestram
1359 2151 1450 2208 iacere
1476 2160 1574 2221 sponte
1603 2149 1733 2218 nolucrit,
1753 2165 1803 2205 vos
1831 2164 1894 2204 cum
1920 2148 1956 2203 ad
1980 2147 2008 2202 id

1214 2242 1420 2314 exsequendum
1447 2240 1610 2298 auctoritate
1646 2249 1758 2307 nostra,
1791 2239 1850 2295 sinc
1885 2236 2010 2308 appella·

1215 2334 1299 2389 tionis
1313 2331 1467 2399 obstaculo,
1483 2348 1532 2405 per
1544 2346 1691 2388 censuram
1701 2329 1917 2388 ecclesiasticam
1928 2344 2007 2388 cotu-

1214 2423 1334 2495 pellatis.

1249 2513 1327 2582 Quod
1340 2513 1364 2569 si
1380 2512 1533 2569 omucsbis
1552 2512 1736 2583 exsequendis
1756 2511 1914 2582 nequieritis
1938 2511 2010 2567 lats-

1217 2621 1303 2674 resse,
1321 2606 1376 2662 duo
1389 2613 1512 2661 vestrum
1531 2620 1564 2659 ea
1578 2604 1757 2659 nibilominus
1772 2611 1969 2673 exsequuntur.

1249 2696 1348 2753 Datum
1365 2695 1506 2765 Laterani,
1517 2712 1573 2751 rru
1589 2694 1726 2751 llalcudas
1739 2677 1814 2763 tutti,
1830 2695 2010 2765 pontificatus

1189 2863 1191 2867 Ι
1215 2790 1303 2853 nostri
1315 2804 1389 2845 anno
1403 2789 1508 2861 primo.

1567 2899 1650 2956 Lxx.

1210 2956 1216 3015 1
1248 2990 1410 3048 concutitur
1422 2990 1769 3060 Grussensiltuscccicsiam
1788 2990 1817 3046 S.
1839 2990 1972 3045 Horturuti

1515 3068 1692 3117 commendat.

1453 3153 1605 3224 (Laterani,
1620 3151 1685 3207 111.
1703 3151 1763 3225 so]

1353 3244 1439 3319 [11111.
1451 3254 1521 3328 potr.
1535 3243 1621 3313 ilum,
1634 3242 1746 3315 Seript„
1760 3260 1786 3314 p.
1802 3242 1864 3298 168.
1929 3234 1936 3241 ’

407 3342 465 3416 Ego
480 3323 612 3406 Solrcdns
627 3349 735 3409 &narn
750 3353 842 3413 Marte
857 3356 885 3412 j„
901 3355 955 3414 vta
967 3355 1034 3411 Lm
1049 3356 1197 3414 ,isagoge
1249 3338 1375 3397 urruns
1389 3337 1545 3409 episcopus,
1559 3351 1656 3393 servus
1671 3350 1813 3392 servovum
1832 3332 1890 3398 lici,
1902 3333 2013 3387 illiceris

371 3436 447 3492 card.

407 3526 466 3671 ligo
489 3531 639 3603 Gregorius
659 3536 769 3597 Sancta
788 3540 882 3598 llariae
904 3541 932 3597 in
949 3542 1061 3599 Porticu
1087 3542 1159 3599 diac.

371 3630 419 3672 car
440 3658 447 3672 .

405 3708 465 3783 Ego
491 3712 550 3770 los.
577 3716 654 3775 Felix
680 3720 754 3778 diac.
781 3724 859 3779 card.
881 3722 911 3781 S.
927 3724 1071 3782 Eustacbii
1081 3724 1161 3795 juxta

370 3805 506 3881 templumx
519 3807 655 3881 Agrippae,

369 3892 463 4043 dinErali0
491 3895 614 3957 'mm
640 3900 733 3962 ΒΜ
764 3903 903 3963 Theodori
935 3908 1071 3967 diaconus
1103 3926 1160 3966 car·

304 4087 307 4094 '
406 4080 504 4138 Datum
518 4084 646 4141 Laterani
662 4103 710 4158 per
722 4104 835 4146 manum
852 4090 951 4163 Mopsi,
965 4091 994 4147 S.
1008 4093 1041 4150 11.
1055 4093 1087 4151 Ε.
1099 4098 1163 4152 sub-

369 4173 454 4241 diac,
469 4176 557 4232 vicem
574 4179 681 4250 agentis
692 4181 839 4250 caracellar,
850 4199 866 4237 v
877 4181 942 4240 idus
952 4182 1039 4251 iunii,
1062 4188 1160 4245 indict.

1212 3427 1277 3485 llliis
1291 3429 1452 3485 consulibus
1473 3427 1507 3483 de
1527 3427 1627 3484 Grassa
1651 3425 1808 3482 salutemet
1827 3424 2011 3495 apostolicatus

1213 3519 1444 3577 benedictionem.

1206 3617 1208 3621 '
1245 3609 1431 3667 Commissum
1446 3608 1525 3665 vobis
1539 3607 1700 3664 consulatus
1718 3606 1837 3663 cilicium
1853 3606 2010 3661 secundum

1212 3701 1414 3773 betreplacitum
1429 3700 1522 3774 geritis
1532 3699 1682 3766 creatoris,
1696 3700 1720 3756 si
1740 3698 1890 3755 Ecclesiam
1913 3697 1962 3754 liei
1982 3708 2012 3755 ct

1214 3794 1290 3860 vitos
1305 3795 1332 3848 in
1349 3808 1380 3848 ea
1396 3791 1584 3866 imprudentes
1600 3791 1718 3848 bomine
1732 3790 1893 3846 tumulatum
1903 3790 2012 3846 babuc-

1212 3883 1274 3941 ritis
1289 3885 1317 3940 in
1341 3881 1505 3948 reverentia,
1533 3890 1562 3939 ct
1582 3882 1745 3942 curaveritis
1766 3890 1900 3951 potestate
1929 3881 2011 3937 vobis

1212 3981 1359 4037 commissa
1382 3979 1417 4033 ab
1440 3978 1556 4034 aliorum
1587 3977 1697 4049 injuriis
1718 3976 1870 4033 deleusurc.
1887 3974 1951 4031 lude
1966 3988 2011 4034 est

1213 4071 1288 4142 quod
1312 4068 1521 4125 universitatem
1532 4056 1658 4123 'vestram
1681 4081 1826 4122 monemus
1846 4064 2010 4120 inliuminu

1216 4174 1243 4220 et
1272 4178 1413 4234 rogamus,
1436 4171 1573 4236 quatenus
1595 4162 1741 4240 ecclesiam
1768 4161 1798 4215 S.
1820 4158 1953 4214 llonorati
1982 4169 2009 4215 ct

369 4283 408 4337 vt,
425 4269 627 4327 incarnationis
643 4271 793 4330 bnmtntcae
811 4290 887 4332 amp,
909 4275 997 4345 1138,
1021 4280 1163 4349 pontific..
1204 4270 1348 4347 *personas
1372 4261 1578 4310 conmrorantes
1605 4254 1632 4309 in
1657 4270 1689 4309 ca
1716 4254 1841 4309 babeatis
1874 4252 2010 4307 attentius

368 4369 416 4419 tus
431 4360 703 4423 domiaictcmenns
718 4381 795 4436 papae
810 4364 844 4420 ιιι
867 4381 941 4425 anno
953 4373 1053 4440 primo,
1213 4348 1430 4413 commendatas,
1445 4354 1473 4400 ct
1494 4345 1532 4400 ita
1546 4346 1581 4399 ab
1596 4344 1714 4440 aliorum
1731 4344 1840 4415 injuriis
1859 4341 2007 4398 defensare

717 4459 821 4516 [11le
1214 4439 1327 4504 curetis,
1352 4434 1518 4507 quodvobis
1544 4434 1578 4489 ad
1606 4442 1738 4489 aetcrrrum
1760 4432 1903 4504 premium
1924 4432 2008 4503 prali-

369 4547 466 4604 arbuti
485 4547 515 4605 S.
530 4547 678 4619 Genouesur,
700 4551 800 4606 decurro
828 4562 853 4608 ct
883 4555 988 4609 cantori
1012 4554 1169 4615 Purisicosi
1213 4537 1278 4604 ⁰³³¹·
1294 4535 1459 4592 ⁰²0⁰⁰¹0⁵5ae
1480 4535 1546 4605 il)sae
1562 4528 1942 4605 Peld01⁰¹¹⁵i⁰¹¹0ml⁰⁵¹¹³¹¹¹
1957 4543 2008 4599 ο1)·

404 4617 620 4687 moudutcupont
652 4620 813 4695 Mortcsscm]
840 4625 990 4694 episcopum
1008 4624 1161 4682 Trecenscur

1215 4638 1269 4686 tata
1284 4625 1387 4698 perirui
1403 4641 1464 4682 sese
1477 4625 1569 4694 quiete
1583 4623 1719 4678 latentur.

402 4696 431 4740 ut
447 4712 456 4739 v
471 4688 502 4741 dc
518 4619 672 4744 ecclesio&
696 4689 766 4759 Lupi
782 4692 903 4748 Trecenti
919 4696 1060 4750 cuuorts'cos
1083 4714 1161 4767 repat·
1178 4706 1200 4760 1)
1250 4717 1348 4772 pamm
1368 4715 1507 4779 Laterani,
1523 4729 1568 4769 ,χιι
1585 4710 1644 4766 lini.
1662 4710 1739 4778 Julii,
1757 4712 1932 4786 pontificatus
1957 4728 2008 4766 no·

403 4756 473 4809 iures
497 4768 617 4812 utsumut
639 4769 663 4812 ct
685 4775 729 4813 eos
755 4762 783 4814 iu
806 4762 917 4817 ecclesio
938 4764 971 4818 dc
995 4764 1162 4838 Muriptrioco
1257 4812 1263 4823 .

403 4824 537 4879 institunt.
555 4844 565 4876 1

615 4914 764 4986 (Laterani,
777 4917 841 4975 dun.
857 4921 916 4992 15.)

368 5000 509 5079 [Stepbuui
537 5004 708 5064 Toruucensis
733 5010 862 5156 omnim
888 5014 934 5067 ed.
959 5012 998 5068 bu
1024 5014 1160 5086 11111111,

704 5096 732 5149 p.
805 5123 812 5137 .

405 5167 531 5227 cusanc
543 5170 703 5243 episcopus,
713 5188 810 5232 servus
823 5191 965 5232 servorum
980 5176 1038 5247 bet,
1054 5180 1161 5239 dilectis

367 5262 433 5321 libis
454 5264 562 5322 abbatis
585 5265 693 5323 Sanctae
708 5266 866 5337 Genavelas,
877 5270 983 5328 decano
1003 5283 1031 5330 et
1053 5278 1160 5333 cantori

367 5354 518 5411 Parisiensi
532 5357 649 5415 salutern
663 5367 690 5413 et
704 5361 882 5430 apostolicam
901 5363 1129 5425 benedictionem.

1215 4823 1264 4870 strt
1279 4826 1352 4867 anno
1367 4810 1466 4879 primo.

1567 4916 1661 4974 Lxxt.

1213 5017 1359 5073 Ecclesium
1370 5014 1507 5086 liupusiua
1517 5032 1545 5079 u,
1555 5023 1663 5085 rogante
1681 5013 1796 5068 Tribuuo
1806 5012 2005 5084 archiepiscopo

1259 5087 1384 5142 tuendum
1398 5087 1520 5156 suscipit,
1532 5087 1640 5157 ejusque
1653 5085 1790 5156 priuilegia
1803 5084 1956 5155 corrprmot.

1398 5191 1403 5200 ·
1459 5177 1680 5251 (Lateranilun.
1695 5177 1754 5247 il.)

1212 5275 1366 5349 [Heauton
1383 5273 1476 5329 Gessit.
1488 5272 1516 5327 d.
1529 5273 1580 5342 pes.
1597 5269 1721 5324 Grusscb.
1741 5268 1824 5333 Tirol,
1839 5268 1860 5334 l,
1875 5283 1905 5334 rt,
1926 5268 2006 5342 titt

1243 5366 1370 5423 Casurus
1392 5365 1550 5433 episcopus,
1566 5376 1663 5416 servus
1685 5375 1828 5415 serrorum
1845 5357 1904 5423 bei,
1920 5374 1946 5413 v·
1958 5376 2006 5414 ne·

402 5447 444 5503 tta
464 5447 588 5505 notitiam
612 5457 731 5505 uestram
756 5452 886 5508 volumus
906 5456 1058 5524 pervenire,
1084 5457 1160 5528 quod
1210 5458 1289 5514 rabili
1307 5456 1385 5513 fratri
1410 5455 1530 5511 Tarauna
1546 5450 1687 5523 Rugusino
1707 5449 1915 5520 archiepiscopo
1928 5448 2006 5517 ejus·

366 5540 515 5598 venerabili
530 5541 608 5598 tratri
623 5552 719 5600 nostro
734 5542 862 5602 Trecensi
883 5546 1012 5618 episcopo
1024 5551 1059 5604 ab
1078 5565 1160 5622 apus-
1209 5563 1264 5620 que
1289 5543 1498 5604 successoribus
1511 5542 1646 5598 canonice
1670 5538 1884 5607 substituendis,
1894 5539 1923 5594 iu
1938 5553 2005 5609 per·

366 5636 450 5694 talica
473 5637 537 5692 sede
554 5637 712 5694 mandatum
736 5637 799 5705 luit,
816 5639 901 5696 semel
917 5640 1071 5713 iterumque
1087 5658 1159 5713 prae-
1209 5647 1331 5709 potuum.

366 5731 475 5796 camum
490 5733 522 5779 ut
549 5726 577 5780 in
601 5727 752 5796 parochiali
777 5729 893 5785 ecclesia
918 5730 952 5786 de
977 5729 1157 5804 llariguiaco,
1245 5727 1273 5783 ln
1288 5728 1420 5784 curiaenti
1441 5726 1599 5798 apostolicas
1616 5723 1690 5781 sedis
1712 5724 1823 5794 specula
1839 5722 2005 5793 disponente

368 5818 446 5873 salva
461 5817 656 5888 omnijustitia
671 5834 732 5887 sua,
748 5822 900 5878 cartonicos
921 5836 1063 5880 assumere
1077 5839 1159 5896 regu?
1209 5819 1336 5887 Domino,
1356 5820 1419 5875 licet
1441 5818 1572 5874 immeriti
1597 5817 1754 5884 constituti,
1770 5803 1870 5872 iratres
1887 5822 2004 5871 nostros

283 5959 286 5966 .
366 5906 450 5973 taces,
464 5908 513 5977 qui
529 5908 556 5964 in
573 5924 605 5964 ea
618 5908 697 5980 juxta
712 5911 787 5980 pium
801 5910 968 5970 desiderium
980 5911 1157 5969 lundatorvnu
1208 5907 2004 5986 arciriepiscoposetepiscopostamvicinosquaurlongc
2055 5925 2060 5936 ·

366 5996 513 6074 religionis
528 5999 653 6064 ordinem
672 6000 897 6074 instituerent,et
911 6003 963 6063 sub
985 6004 1158 6082 regularibus
1199 6006 1324 6081 ‚positos
1340 6002 1463 6090 iraterua
1475 6002 1606 6062 debemus
1626 6000 1760 6063 charitate
1773 6001 1895 6076 diligere,
1908 6010 1937 6059 et
1952 6017 2000 6060 ac-
