4584 6767
403 596 470 652 turn
676 571 681 578 ’
1036 581 1402 643 castramentatus
1802 601 1806 608 ·
1964 593 2036 649 tuo

401 725 521 767 sertuaeo
537 725 599 766 cnm
618 676 697 764 tertia
710 717 786 779 parte
799 708 887 779 ipsius
906 702 994 768 innuli,
1008 705 1036 757 et
1050 701 1112 757 aliis
1128 717 1190 773 qttae
1205 706 1227 762 tl
1242 701 1277 755 tis
1294 699 1532 771 pacemdetlissm
1560 710 1639 770 rogat
1657 710 1687 756 ut
1707 701 1761 757 boe
1776 703 1877 760 bollum
1893 706 2037 764 instaura·
2062 775 2065 780 ⁴

400 804 500 860 ibidem
515 801 639 866 babetis;
653 800 797 855 eeclesiam
814 798 848 853 de
862 795 1016 865 swanligen
1036 793 1190 848 cumomni
1243 800 1300 845 tutu
1316 790 1528 861 quibuscunque
1544 791 1634 846 modis
1645 792 1841 864 poteritjuret.
1859 815 1868 847 ι

398 895 459 963 jure
475 892 548 963 quod
564 869 676 946 bebetis¹
694 890 720 944 iu
742 905 794 957 ea;
811 887 932 943 decimas
944 886 1069 939 uillarum
1085 881 1190 948 liedio·
1278 880 1359 953 [lide
1374 879 1511 936 [trustem
1525 880 1611 951 Epist.
1626 881 1718 951 Ture,
1734 900 1761 954 p.
1777 884 1831 957 titi

400 983 467 1047 lani,
492 981 579 1047 liure,
604 980 776 1045 wittalicon,
792 977 894 1042 Hence,
913 987 939 1033 et
962 977 1082 1033 ciuitatis
1104 975 1189 1032 Ture·
1618 1002 1653 1017 ι-

399 1076 513 1146 giensis.
525 1072 574 1129 lus
588 1075 671 1129 etiam
685 1074 758 1143 prrotl
775 1072 914 1141 regulares
929 1068 1055 1124 canonici
1068 1069 1191 1125 eeclesiae
1543 1064 1637 1120 ANNO
1659 1066 1737 1122 ttsu.

401 1165 430 1220 S.
449 1165 647 1234 bertinianae
667 1164 694 1218 in
710 1161 795 1216 fundo
810 1158 987 1231 Turegiensis
1003 1158 1192 1229 praepositurae
1381 1205 1387 1215 ,
1616 1187 1650 1195 —

382 1255 536 1322 'cousiniu
554 1265 609 1309 tant
626 1255 652 1309 in
668 1269 751 1310 censu
768 1269 850 1325 quam
867 1252 894 1307 in
909 1251 1023 1307 decimis
1037 1262 1064 1305 et
1076 1265 1192 1321 proteu·
1602 1268 1670 1325 cpi·

400 1348 558 1415 tibusaliis,
572 1348 651 1403 robis
666 1348 747 1403 anuis
771 1346 888 1417 singulis
908 1345 1039 1401 exitibere
1061 1352 1191 1400 tenentur
1242 1361 1435 1417 mmmmm
1457 1358 1487 1417 s,
1515 1359 1600 1436 spipii
1624 1360 1810 1435 fioreiiiiiipip
1833 1368 1960 1422 rumpam
1975 1388 2038 1425 iiii.

399 1458 462 1498 euru
476 1440 606 1496 omuibus
621 1440 683 1496 aliis
696 1439 917 1511 possessionibus
931 1437 1041 1505 restris,
1057 1451 1127 1508 qum
1142 1434 1190 1508 ju·
1217 1429 1222 1440 “
1368 1433 1434 1503 cipit
1444 1442 1469 1487 et
1482 1432 1540 1502 ejas
1553 1431 1621 1486 boun
1637 1434 1745 1503 sejam
1758 1438 1911 1506 corrfirumt.

321 1515 352 1564 ⁸·
392 1542 441 1589 ³ste
454 1541 482 1588 et
501 1531 614 1604 pacitiee
628 1529 783 1602 possidetis,
797 1530 877 1584 vobis
891 1537 918 1584 et
934 1543 981 1599 per
994 1541 1045 1584 ros
1066 1527 1190 1583 ecclesiae
1325 1582 1330 1590 .
1495 1521 1647 1591 (Laterani,
1660 1522 1722 1578 last.
1738 1524 1781 1597 2.)
1886 1570 1888 1575 .

401 1634 498 1681 restrae
518 1623 681 1680 auctoritate
701 1621 851 1691 apostoliea
871 1623 1078 1677 eonilrmamus.
1094 1611 1191 1674 Liber·
1327 1615 1429 1690 ,[Ltttt,
1443 1616 1518 1673 Eccl.
1536 1615 1658 1671 florent.
1672 1615 1803 1682 Hortum„
1819 1617 1852 1687 ll,
1865 1620 1943 1694 sets]

399 1727 470 1773 tates
483 1729 592 1786 quoque
603 1722 629 1769 et
641 1713 864 1779 communitates,
880 1726 930 1766 nee
943 1724 999 1765 uon
1011 1709 1190 1765 rationabiles
1275 1708 1401 1765 Cerasus
1422 1710 1581 1780 episeopus,
1602 1723 1701 1765 sertus
1723 1723 1866 1765 serrorum
1889 1710 1949 1781 liei,
1966 1714 2038 1772 dile·

399 1816 433 1862 et
451 1806 579 1876 antiquas
600 1802 831 1867 eotrsuetudines,
858 1809 912 1855 taut
941 1800 976 1856 ab
995 1800 1191 1857 ecelesiasticis
1240 1801 1292 1856 rtis
1304 1800 1368 1856 tiliis
1380 1798 1520 1856 Grtnraro
1536 1800 1629 1856 abbati
1648 1803 1808 1858 nonasterii
1826 1801 1921 1860 Sancti
1935 1804 2036 1876 satrit,

400 1915 482 1970 quiam
499 1896 646 1953 mundanis
672 1894 799 1965 personis
819 1892 943 1949 ecelesiae
962 1900 1060 1948 restrae
1074 1906 1190 1947 conces·
1239 1890 1354 1962 eiusque
1379 1890 1512 1949 iratribus
1537 1900 1593 1948 tatu
1616 1894 1796 1964 praesentibus
1820 1910 1904 1968 qnam
1920 1896 2035 1965 laturis,

400 2006 446 2048 sas
459 1998 486 2043 et
500 1988 634 2043 hacteuus
648 1986 818 2051 observatas,
833 1991 908 2038 ratas
928 1982 1074 2048 babemus,
1087 1996 1189 2052 easque
1239 1982 1393 2051 regularem
1410 1981 1495 2038 rit'am
1508 1975 1652 2054 professis,
1674 1985 1701 2040 in
1717 1994 1889 2056 perpetuum.

400 2081 501 2139 lu'turis
512 2079 683 2150 temporibus
703 2078 822 2133 illibatas
837 2090 948 2130 manere
965 2075 1116 2130 sancimus.
1131 2076 1190 2128 Au·
1205 2047 1226 2103 Β
1276 2070 1442 2144 Religiosam
1453 2075 1538 2130 ritant
1553 2076 1719 2147 eligentibus
1735 2079 1918 2147 apostolicum
1932 2098 2036 2138 conre-

396 2172 526 2242 ctoritate
539 2167 649 2241 quoqne
663 2166 812 2237 apostoliea
834 2164 1012 2235 probibemus
1034 2164 1145 2233 nequis
1162 2164 1191 2218 iu
1240 2166 1282 2220 nit
1292 2166 1389 2221 adesse
1409 2166 1577 2235 presidium,
1601 2183 1636 2223 ue
1650 2167 1722 2223 lotae
1735 2169 1883 2239 cujuslibet
1895 2175 2036 2229 temerita-

322 2253 326 2260 ’
399 2279 462 2330 uos,
474 2264 516 2318 rel
529 2262 797 2318 ecolesiatnrestram
807 2257 1112 2322 excommunicationis,
1125 2270 1191 2310 sus·
1241 2258 1276 2313 tis
1289 2258 1428 2327 incursus,
1440 2268 1488 2314 ant
1499 2274 1547 2316 eos
1561 2275 1576 2314 a
1588 2262 1729 2330 proposito
1741 2272 1858 2331 remeet,
1872 2275 1922 2320 aut
1936 2267 2035 2335 rolmr,

400 2351 542 2424 pensionis
557 2350 600 2403 uel
629 2347 766 2403 interdicti
788 2346 950 2402 sententiam
970 2340 1191 2400 sindmanilesta
1240 2351 1313 2419 ortod
1328 2351 1417 2407 absit!
1436 2366 1522 2409 sacrae
1537 2352 1682 2423 religionis
1700 2354 1842 2428 infringat.
1868 2355 2034 2429 Eapropter,

399 2454 427 2500 ei
441 2442 598 2498 rationabili
612 2455 696 2496 eausa
714 2437 878 2510 promulget,
893 2452 941 2492 seu
958 2452 1044 2521 notas
1064 2444 1092 2494 et
1113 2435 1191 2495 iude·
1240 2441 1332 2497 dilecti
1345 2440 1373 2497 in
1387 2442 1504 2499 Domino
1518 2444 1578 2511 lllii,
1593 2445 1694 2501 uestris
1706 2446 1790 2515 justis
1801 2447 2036 2517 postulationibus

350 2563 357 2572 .
395 2532 643 2601 bitasexactiones
662 2526 971 2586 vobtsvettiomininos
988 2528 1086 2584 restris
1103 2527 1191 2598 impo-
1240 2533 1389 2587 elementer
1401 2533 1561 2600 annuimus,
1575 2541 1603 2589 et
1617 2534 1761 2605 praelatum
1781 2539 2035 2607 monasterium,in

400 2635 523 2693 nat,uee
544 2623 694 2679 advocatus
711 2620 835 2677 ecelesiae
856 2628 953 2675 restrae
974 2627 1067 2675 cortes
1086 2627 1191 2675 uestras
1241 2635 1297 2691 quo
1319 2620 1414 2676 diritto
1444 2623 1592 2693 mancipati
1615 2625 1683 2681 estis
1708 2625 1861 2697 obsequio,
1885 2628 1937 2683 sub
1961 2629 2036 2685 beati

399 2718 575 2789 aliquatenus
599 2716 691 2778 intret,
715 2713 769 2769 nisi
791 2712 825 2767 cle
842 2725 959 2767 assensn
980 2719 1084 2773 uestro,
1108 2710 1150 2765 rel
1175 2726 1190 2765 a
1241 2710 1314 2768 l‘ctri
1328 2720 1356 2769 et
1367 2721 1461 2769 nostra
1471 2715 1640 2784 protectione
1654 2718 1832 2787 suscipimus,
1848 2728 1876 2775 et
1888 2722 2036 2791 praesentis

399 2807 479 2864 robis
499 2806 580 2863 inerit
597 2802 737 2861 inritatus.
754 2804 877 2859 Obeonte
896 2818 962 2858 uero
974 2811 1011 2870 te,
1028 2817 1103 2857 nune
1115 2801 1189 2872 ejus·
1242 2806 1339 2876 scripti
1368 2795 1512 2877 priuilegio
1548 2809 1764 2865 communimus.
1794 2810 1953 2870 statuentes
1993 2824 2035 2882 ot,

400 2899 462 2957 dem
477 2899 530 2955 lnei
547 2898 704 2970 praeposito,
729 2895 896 2952 veltuorum
912 2894 1193 2972 quolibetsnceessof
1241 2913 1422 2969 qrraseunque
1453 2898 1664 2969 possessiones,
1690 2916 1861 2974 quacunque
1900 2903 1972 2961 bona
1976 2946 2034 2964 .....

402 3006 475 3059 rum,
494 2989 640 3047 nrtllust'bi
655 2988 778 3059 qnalibet
802 2986 988 3057 subreptionis
1016 2986 1118 3042 astutia
1142 3002 1190 3043 seu
1241 2988 1313 3044 idem
1329 2977 1527 3064 monasterium
1548 2990 1799 3061 impresentiarum
1814 2994 1929 3064 justest
1953 3012 2038 3053 mno-

315 3093 318 3098 ·
401 3081 530 3139 violentia
546 3090 730 3154 preponatur,
744 3080 796 3137 nisi
809 3094 890 3151 qoem
916 3078 1015 3136 iratres
1036 3080 1192 3135 communi·
1241 3083 1303 3139 nice
1316 3081 1448 3153 possidet,
1475 3092 1522 3137 aut
1545 3083 1573 3138 in
1598 3082 1722 3139 tutorum
1740 3085 1825 3156 justia
1847 3087 1949 3155 modis,
1966 3105 2036 3159 prar-

401 3175 500 3231 terrei
522 3174 638 3230 fratrum
663 3172 752 3242 major
766 3185 831 3240 pars
844 3168 954 3226 consilii
974 3170 1103 3238 sanioris,
1119 3171 1191 3227 sieut
1221 3185 1331 3233 stante
1345 3175 1472 3240 Domino,
1487 3176 1588 3247 poterit
1601 3176 1726 3247 adipisci,
1741 3178 1819 3234 lirina
1831 3180 1909 3235 robis
1921 3184 2037 3238 restris·

401 3269 534 3323 bartenus
545 3268 717 3322 obseruatum
733 3272 785 3328 est,
798 3263 948 3318 seettudum
965 3260 1051 3317 Deum
1065 3262 1191 3333 prouide-
1241 3282 1296 3338 que
1320 3266 1529 3323 successoribus
1543 3276 1569 3321 et
1591 3266 1692 3321 illibata
1707 3278 1899 3337 permaneant.
1924 3270 2037 3328 Praeda·

402 3361 457 3415 rint
471 3357 636 3429 eligendum.
653 3355 708 3411 Nee
720 3355 820 3425 aliquis
837 3355 864 3409 in
887 3354 982 3410 eadem
1006 3354 1126 3411 Ecclesia
1144 3372 1187 3410 re·
1204 3391 1226 3449 (t
1241 3368 1384 3413 cessurum
1398 3372 1464 3412 vero
1478 3369 1636 3414 nostrornm
1657 3357 1743 3414 felicis
1764 3362 1907 3416 memoriae
1920 3359 2035 3429 Urbani,

402 3463 458 3509 stra
473 3452 525 3507 nisi
542 3450 702 3515 eattouicus,
716 3449 790 3518 quia
802 3446 882 3504 robis
897 3448 960 3520 eligi
981 3448 1090 3517 debeat,
1112 3450 1192 3507 insti-
1219 3426 1227 3448 ⁴
1242 3450 1377 3522 Gregorii,
1391 3448 1542 3506 iunocentii
1562 3458 1590 3506 et
1601 3452 1748 3523 Alexandri
1765 3452 1956 3511 Romanorum
1968 3471 2035 3527 pou·

401 3556 495 3601 tuetur
510 3544 652 3615 plebanus.
1243 3543 1346 3598 tillcum
1360 3541 1483 3612 vestigiis
1504 3542 1671 3599 inhaerentes
1689 3543 1847 3613 statuimus,
1862 3555 1894 3602 ut
1907 3549 1978 3604 nulli
1990 3564 2036 3603 ar·

343 3641 347 3648 '
437 3635 616 3690 secernimus
636 3649 701 3704 crgo
724 3641 755 3689 ut
775 3635 842 3692 nulli
862 3633 975 3691 omnino
992 3634 1136 3690 bominum
1159 3631 1193 3686 li·
1242 3633 1428 3705 ebiepiseopo,
1440 3634 1499 3689 site
1512 3633 1653 3704 episeopo,
1666 3628 1809 3691 aut'alieui
1825 3638 2037 3707 praelatoeeele

376 3734 462 3783 'crat
480 3723 619 3797 praelatam
644 3726 789 3781 ecclesiam
817 3735 919 3789 temere
947 3726 1117 3795 perturbare,
1145 3731 1193 3778 aut
1242 3726 1375 3792 siastieo,
1404 3721 1461 3781 sire
1489 3724 1637 3807 sacttlari,
1662 3735 1776 3796 excepta
1808 3725 2037 3786 Vallumbrosana

400 3820 461 3889 ritu
479 3818 668 3888 possessiones
682 3816 802 3883 atrlerre,
820 3818 862 3873 rel
874 3818 980 3873 ablutas
993 3817 1121 3880 retinete,
1138 3814 1191 3867 mi·
1242 3817 1466 3890 congregatione,
1487 3807 1598 3888 aliquoi
1611 3832 1696 3888 snper
1708 3819 1823 3875 ecelesia
1838 3830 1927 3876 restra
1941 3822 2038 3878 douai·

400 3924 499 3972 uuere,
516 3924 565 3964 sco
587 3908 757 3979 quibuslibet
783 3909 976 3964 uexationibus
994 3906 1119 3976 inrigare,
1144 3905 1192 3961 sed
1244 3910 1320 3965 nium
1337 3909 1418 3965 liceat
1432 3908 1566 3976 obtinere,
1586 3908 1659 3964 sieut
1675 3909 1710 3965 ab
1731 3910 1834 3967 eisdem
1848 3911 2037 3975 predecesso-

401 4003 495 4059 emnia
508 4002 614 4074 integra
624 4012 828 4059 conserventur
838 4018 946 4069 eorum,
958 4018 1008 4071 pro
1018 4015 1194 4071 putorumgu·
1243 4002 1321 4058 ribus
1337 4001 1440 4056 uostris
1453 3999 1540 4057 luisse
1562 4002 1688 4058 noscitur
1704 4002 1872 4059 institutum.
1885 4003 2036 4073 hanoea,

400 4094 562 4151 bernatione
579 4108 612 4149 ac
625 4094 826 4149 sustentatione
849 4107 980 4147 concessa
996 4097 1061 4147 suut
1074 4131 1081 4156 ,
1095 4089 1193 4144 usibus
1242 4095 1315 4149 sieut
1326 4079 1431 4164 capella
1443 4091 1473 4152 S.
1490 4091 1595 4149 Nicolai
1619 4094 1654 4149 de
1675 4094 1746 4151 Casa
1766 4095 1836 4151 Arsa
1852 4096 1886 4151 ati
1913 4107 2037 4155 restrum

401 4193 430 4242 et
442 4185 594 4241 commodis
608 4183 761 4255 profutura,
775 4184 848 4240 salta
865 4183 938 4239 sedis
964 4181 1122 4254 apostolicae
1139 4196 1190 4235 au·
1240 4185 1287 4256 jus
1300 4184 1427 4255 pertinet,
1444 4184 1479 4240 ab
1492 4185 1567 4240 omni
1582 4185 1650 4256 jugo
1667 4172 1752 4242 totius¹
1769 4187 1969 4246 dominationis
1979 4191 2038 4261 epi·

362 4268 371 4278 ”
402 4278 529 4333 ctoritate
546 4287 574 4334 et
597 4276 746 4333 dioeoesaui
760 4275 882 4347 episcopi
896 4273 1014 4346 justitia.
1032 4273 1062 4329 st
1075 4288 1129 4345 qua
1142 4272 1194 4344 igi·
1243 4275 1330 4346 scopi,
1346 4284 1373 4331 et
1389 4274 1509 4346 plebani,
1524 4276 1658 4331 haetenus
1670 4275 1802 4332 immunis
1813 4278 1941 4334 noscitur
1951 4279 2035 4335 exsti·

291 4370 297 4380 ’
400 4376 527 4434 tur,etc.
657 4421 660 4426 ,
845 4397 855 4426 a
1183 4358 1185 4363 ’
1242 4367 1320 4432 iisse,
1334 4366 1370 4421 ita
1394 4377 1421 4422 et
1445 4365 1592 4422 decaetero
1612 4381 1672 4421 earu
1691 4365 1841 4422 inununem
1860 4359 2037 4426 decernimus

438 4459 536 4514 Datum
561 4458 700 4527 Laterani,
723 4474 773 4530 per
795 4474 908 4516 manum
942 4457 1030 4531 ttoyst
1062 4457 1194 4526 Romanae
1242 4474 1414 4531 permanere.
1434 4458 1503 4514 lllutl
1528 4460 1612 4514 etiam
1639 4459 1776 4531 jusquod
1800 4461 1980 4531 inhospitali
2003 4464 2037 4519 de

401 4550 533 4607 Ecclesia
554 4551 726 4618 subdiaconi,
742 4551 817 4609 uices
842 4551 948 4622 agentis
969 4550 1137 4615 cancellarii,
1162 4563 1193 4605 ιιι
1243 4547 1374 4619 Capraria
1401 4547 1534 4606 lraetenus
1564 4549 1721 4617 habuistis,
1752 4550 1830 4606 uobis
1853 4552 2037 4610 nibilominus

402 4642 453 4698 iial
456 4682 584 4702 .....
603 4642 752 4698 indictione
776 4652 864 4707 setta,
878 4642 1079 4700 incarnationis
1101 4639 1194 4697 Domi·
1243 4641 1451 4698 confirmamus.
1470 4639 1621 4698 Ecclesiam
1645 4657 1757 4713 «pungne
1780 4642 1873 4699 Sancti
1887 4642 1984 4699 iacobi
2000 4647 2038 4700 si·

403 4735 472 4790 nieae
485 4728 558 4789 anno
570 4734 649 4800 1188,
661 4735 837 4804 pontificatus
848 4751 913 4792 uero
923 4735 1027 4792 domiui
1041 4734 1191 4792 Clementis
1206 4740 1230 4798 1>
1243 4739 1300 4787 tam
1328 4732 1357 4787 in
1374 4730 1484 4787 ciuitate
1505 4730 1676 4788 Florentius·
1689 4747 1705 4788 a
1730 4733 1809 4790 bonae
1836 4736 2038 4793 reeordationis

402 4837 480 4896 papae
495 4840 568 4880 anno
582 4840 601 4880 t.
925 4848 927 4851 ·
1201 4893 1209 4910 ‚
1243 4826 1318 4881 lulio
1331 4824 1469 4897 quoddam
1492 4826 1615 4896 ejttsdem
1629 4826 1748 4881 cit-itatis
1761 4826 1893 4898 episeopo
1909 4827 1943 4883 tle
1968 4844 2037 4885 cort·

715 4966 720 4975 .
766 4915 822 4972 CV.
1133 4991 1137 4998 .
1163 4909 1217 4993 '‘p''
1244 4930 1328 4972 sensu
1349 4916 1461 4987 capituli
1482 4916 1646 4985 Florentini,
1662 4916 1791 4974 Ecclesia
1809 4928 1908 4975 restrae
1920 4933 2037 4976 conces·

439 5004 535 5062 leuuca
549 5006 1003 5079 imperatoriConstantinopolitano
1013 5007 1104 5065 scribit
1117 5010 1195 5067 aedi·
1243 5019 1302 5062 sant
1314 5019 1378 5062 ctttta
1390 5005 1531 5077 sepultura
1552 5015 1579 5061 et
1594 5008 1724 5077 parocbia
1735 5008 1807 5078 ejus,
1822 5023 1886 5064 curn
1902 5007 2038 5064 limitibus

374 5167 379 5176 .
402 5109 447 5159 cto
459 5116 510 5158 suo
524 5102 661 5172 principes
684 5116 751 5158 suos
771 5100 906 5158 exoratos
925 5115 987 5157 esse
1001 5108 1097 5157 eontra
1113 5100 1193 5157 Sala·
1243 5100 1338 5170 certis,
1352 5102 1401 5173 qui
1423 5102 1451 5157 ln
1466 5102 1604 5165 chartula,
1633 5117 1717 5173 quam
1744 5103 1816 5158 idem
1839 5103 1986 5173 episeopus
2003 5103 2039 5158 dc

402 5194 521 5261 diuum3
541 5193 692 5265 praecipuos
720 5194 805 5250 luisse
830 5213 836 5250 :
859 5192 1027 5251 Fridericnm
1043 5193 1192 5262 ,alterum
1244 5191 1289 5247 illa
1306 5194 1385 5249 robis
1399 5193 1563 5272 etecclesiae
1583 5192 1676 5250 Sancti
1692 5193 1771 5249 Siluii
1789 5195 1938 5250 donatione
1952 5194 2039 5255 tradi·

403 5287 619 5358 imperatorem,
644 5286 798 5358 l‘bilippunt
827 5286 996 5344 Francorum
1016 5286 1195 5361 regem,.lli-‘
1243 5286 1294 5351 dit,
1315 5285 1444 5357 leguntur
1460 5301 1600 5357 expresse,
1622 5285 1656 5340 acl
1683 5287 1769 5341 instar
1792 5284 1879 5340 felicis
1895 5286 2040 5342 memoriae

401 5378 536 5435 eirardnm
566 5378 670 5450 Angli-s
696 5387 723 5433 et
743 5376 879 5435 Othonem
902 5376 1084 5449 burgundiam
1116 5376 1194 5433 Guil·
1245 5375 1350 5431 Urbani
1376 5376 1587 5446 praedecessoris
1613 5376 1726 5443 nostri,
1754 5374 1923 5431 monasterio
1943 5384 2040 5430 restro

402 5472 514 5526 lelmum
541 5484 631 5541 regem
651 5470 763 5536 Sicilire,
787 5478 884 5540 pacato
901 5485 917 5524 a
933 5469 1030 5539 piratis
1046 5470 1126 5537 mari,
1142 5484 1193 5523 an·
1243 5468 1374 5526 duximus
1396 5467 1627 5523 confirmandum.
1652 5466 1805 5523 Libertates
1831 5474 1976 5537 praeterea,
1989 5466 2040 5520 itu·

401 5575 504 5617 ttouam
516 5574 550 5615 ex
567 5560 660 5617 Sicilia
673 5570 700 5617 et
712 5562 810 5632 spotia
824 5559 989 5632 proiecturis
1002 5560 1191 5627 ministrasse;
1244 5560 1393 5615 tnurtitates
1410 5560 1550 5630 antiquas,
1563 5567 1591 5615 et
1605 5559 1784 5615 rationabiles
1809 5558 2038 5621 eonsuetudines,

400 5650 532 5709 Frisones
543 5668 655 5724 puroque
666 5663 695 5709 et
708 5651 801 5709 Ilattos
815 5654 942 5708 triremes
955 5651 1154 5723 qtriutpuaginta
1166 5660 1194 5707 et
1243 5652 1322 5708 votus
1333 5660 1361 5707 et
1373 5651 1542 5708 monasterio
1556 5656 1647 5708 vestro
1665 5652 1790 5718 collatas,
1811 5650 1884 5706 sieut
1903 5650 2041 5706 haetenus

402 5743 546 5800 tlnodecim
561 5742 743 5798 itanu-enses
758 5758 892 5809 armasse,
906 5743 954 5814 qui
976 5751 1150 5802 transeuntes
1165 5744 1192 5797 in
1243 5744 1397 5799 obserratae
1415 5751 1491 5810 sunt,
1507 5752 1583 5799 ratas
1605 5742 1741 5798 habemus
1767 5756 1871 5813 casuue
1896 5743 2041 5812 perpetuis

402 5833 594 5892 llauritaninm
609 5844 636 5891 et
647 5836 681 5890 acl
697 5833 795 5891 Africae
809 5836 900 5890 littora
915 5835 1064 5901 flectentes,
1078 5834 1192 5891 Sarace-
1244 5835 1415 5905 temporibus
1430 5835 1561 5900 illibatas,
1573 5823 1685 5891 mamere
1696 5835 1847 5891 sancimus.

402 5942 454 5983 tros
470 5930 578 6000 mugnis
593 5926 774 5994 incommodis
788 5928 934 5983 albixerint
947 5936 975 5983 et
986 5927 1126 6000 sylvinam
1143 5943 1192 5982 ur·
1279 5927 1372 5984 Liceat
1381 5943 1494 6000 quoque
1512 5927 1592 5984 robis
1611 5928 1727 5984 elericos
1741 5928 1783 5982 tel
1803 5926 1890 5982 laicos
1906 5941 1922 5982 e
1937 5927 2043 5984 saeeula

396 6016 463 6073 bem
477 6020 502 6075 ri
514 6033 624 6094 captam
635 6019 816 6091 diripuerint3
827 6032 919 6090 regem
932 6017 1092 6092 llutrgarum
1105 6018 1193 6078 liene·
1245 6016 1392 6092 fugientes,
1406 6020 1508 6079 liberos
1518 6027 1546 6078 et
1562 6019 1704 6078 absolutos
1719 6020 1747 6075 in
1762 6018 2044 6078 monasteriorum
