4584 6767
337 568 390 628 aur
877 514 1016 610 ιιιιιιιιιι
1035 550 1064 606 s.
1084 549 1118 605 ι.
1141 548 1173 605 s.
1194 547 1400 607 conomius
1655 580 1657 584 ⁷
1915 550 1971 609 ὃς)

338 684 481 757 iniquitate
506 677 643 736 declinare
664 672 840 732 corrtcndant.
866 669 923 726 Non
947 680 1038 727 autem
1059 649 1971 734 con·Acarnisetsanguinisopcraxelntrniamibmrcn‘taccoctio-

337 779 483 834 tnrbcmur
492 780 520 827 et
538 769 649 827 doleant
660 782 722 825 cunr
737 766 794 822 sint
809 762 916 834 priores
931 759 1013 828 natu,
1030 760 1053 817 si
1070 761 1125 816 cle-
1178 774 1252 826 neat,
1272 757 1336 813 licet
1356 764 1464 828 gustum
1488 761 1611 823 suarem,
1636 764 1726 810 tamen
1749 754 1819 811 risui
1840 756 1970 818 nocivam

339 882 398 922 rum
411 864 462 919 sibi
478 859 652 934 conspiciunt
673 858 866 930 praeetniuere3
882 854 922 909 sic
937 854 1037 925 qxrippe
1050 851 1126 906 lotn-
1177 868 1193 909 a
1207 868 1237 911 se
1249 850 1393 922 abjiciens,
1416 846 1523 918 populis
1545 846 1668 902 cedendo
1682 845 1829 901 concussit.
1844 846 1886 904 ιιι)
1902 863 1969 910 „050

338 972 397 1010 rnrn
420 954 553 1011 Dominus
581 948 788 1022 pruordirravit‚
813 957 844 1003 et
867 943 1077 1017 praeordinatum
1097 941 1124 997 iu
1177 944 1250 1000 uelut
1271 941 1414 1010 anirnalus,
1435 947 1464 996 et
1484 953 1545 1011 qrrae
1566 947 1632 994 suut
1646 937 1766 1009 spirius
1791 938 1837 995 liei
1854 941 1969 999 minime

335 1045 422 1103 Jacob
445 1052 473 1102 et
496 1043 568 1100 Esau
594 1041 776 1115 praesignarit.
801 1036 877 1094 lsaac
899 1036 1042 1107 siqnidem,
1062 1048 1124 1089 cum
1177 1034 1371 1109 percipientes,
1396 1032 1490 1089 eadem
1514 1031 1604 1087 carnis
1626 1046 1707 1102 rprra
1736 1031 1808 1088 re'ut
1830 1049 1969 1092 summum

336 1136 512 1195 benediceret
525 1134 620 1203 Jacob,
642 1130 757 1189 bomino
772 1132 938 1200 inspirante,
953 1126 993 1183 sic
1007 1126 1060 1181 sit:
1077 1123 1125 1179 liet
1177 1129 1280 1201 aliquid
1297 1129 1460 1194 retinentes,
1479 1125 1633 1182 maluerunt
1656 1126 1811 1184 carnalitur
1832 1137 1862 1184 et
1882 1144 1970 1186 mcu-

303 1225 306 1230 ’
336 1231 384 1285 tibi
403 1228 475 1285 Dorta
497 1228 531 1283 de
552 1225 763 1283 rorecoelietdc
780 1219 1126 1294 pinnuedineterroeobnn·
1177 1220 1281 1276 laribus
1296 1219 1441 1291 implicari,
1464 1233 1546 1289 quaro
1573 1218 1629 1272 beo
1652 1218 1795 1275 militando
1818 1220 1845 1275 in
1869 1222 1967 1294 spirim

335 1323 456 1378 ‘illisam
468 1320 604 1392 [rumenti.
622 1319 676 1374 vill
690 1326 714 1373 θ’
726 1318 785 1383 n'et,
799 1327 823 1371 et
834 1315 946 1398 “illabi
962 1312 1009 1366 ‘tlt'
1022 1309 1123 1380 bviiii.
1177 1312 1330 1370 ambulare.
1343 1312 1439 1369 Clerus
1452 1326 1517 1368 uero
1532 1312 1644 1366 rerbnm
1659 1313 1838 1381 apostolicum
1849 1314 1968 1373 libenter

335 1422 360 1469 el
377 1413 525 1469 adurentis
541 1412 635 1467 tribua.
658 1408 723 1463 Esto
743 1408 864 1461 dominos
877 1405 991 1476 [rutrum
1006 1410 1124 1467 tuorum,
1176 1406 1364 1476 amplectens,
1389 1404 1455 1459 ἱΙΙιιιΙ
1480 1403 1609 1459 scilicet:
1632 1397 1735 1473 Spiritu
1759 1404 1917 1472 ambulate,
1941 1418 1966 1463 er

334 1514 360 1564 el
380 1507 551 1562 incursentur
574 1514 635 1560 onie
658 1512 682 1560 le
697 1503 746 1574 filii
769 1502 863 1556 aratris
885 1511 947 1553 tarn.
972 1497 1024 1563 Qui
1040 1494 1125 1551 ntole·
1175 1498 1306 1553 tiesiderio
1321 1498 1408 1552 carnia
1419 1513 1470 1551 nou
1481 1496 1622 1565 perficietis
1636 1494 1736 1566 (Galat.
1750 1498 1789 1568 ιι);
1804 1497 1869 1553 illud
1882 1500 1965 1556 cunin

222 1581 228 1590 ’
334 1599 430 1654 eliserit
445 1598 504 1664 tibi,
520 1597 676 1653 ntaledictrts
695 1596 798 1657 crines
818 1594 862 1665 qui
876 1589 1035 1646 benedirerit
1048 1587 1125 1642 bene-
1176 1603 1231 1643 rron
1244 1588 1323 1646 surda
1341 1602 1408 1643 aurc
1423 1585 1603 1641 aodiousasr'
1616 1585 1686 1641 enirn
1701 1586 1844 1641 secundun
1860 1603 1966 1644 corne·

335 1685 835 1758 dictionibusreplenturib'cn.xxrn).
849 1679 1123 1739 Econtrariodiclum
1176 1679 1306 1745 riseritis,
1327 1678 1485 1734 moriemini.
1511 1676 1566 1735 Et:
1588 1678 1641 1744 Qus
1666 1677 1693 1732 in
1717 1688 1891 1745 caruerant,
1912 1678 1966 1736 Dra

334 1792 378 1837 est
391 1780 481 1842 Esaia:
497 1779 530 1836 ln
540 1781 821 1852 pinpnedineterroeet
836 1778 863 1832 in
877 1792 936 1831 rare
948 1772 1125 1841 colidestrprr
1176 1777 1280 1841 placere
1295 1786 1346 1825 non
1360 1778 1469 1840 possunt
1492 1768 1581 1837 (lions
1605 1768 1677 1851 ιιιι).
1699 1768 1730 1824 Et
1749 1783 1758 1824 s
1778 1769 1832 1836 Qui
1852 1772 1881 1825 in
1900 1772 1966 1828 deli·

334 1870 599 1927 eritbenedictioruo.
614 1867 721 1924 Virasia
731 1868 831 1939 plodio,
845 1876 869 1922 ct
879 1864 957 1936 fratri
971 1874 1016 1919 nto
1029 1862 1124 1919 seruies
1155 1884 1157 1888 ·
1175 1861 1224 1915 ciis
1237 1867 1275 1915 eat
1293 1860 1379 1915 sineru
1394 1868 1513 1913 mortum
1530 1868 1568 1913 est
1585 1854 1611 1929 tl
1633 1854 1703 1911 Tim.
1722 1857 1759 1926 vl.
1775 1857 1964 1928 Spiritu-lacta

334 1959 435 2033 (istd).
448 1958 517 2016 licre
530 1975 611 2030 quam
622 1958 875 2016 marrilesteslatnm
890 1956 1042 2025 utriusque,
1058 1952 1123 2009 clari
1176 1951 1267 2006 carnis
1282 1949 1455 2016 mortiilcarc,
1474 1959 1503 2004 ut
1518 1947 1634 2014 uiseret.
1652 1948 1803 2020 praeelegit.
1820 1946 1899 2006 lusto
1917 1950 1967 2021 ipi-

333 2050 438 2107 sciliuet
450 2057 478 2105 ct
493 2048 585 2120 populi
599 2047 749 2105 Christiani
765 2048 885 2118 Spiritus
908 2056 1020 2102 sarrctns
1039 2046 1065 2102 in
1082 2043 1124 2100 bis
1139 2056 1160 2113 p
1176 2053 1220 2100 tur
1235 2046 1306 2103 sicut
1329 2048 1441 2118 spiritus
1463 2046 1553 2111 carni,
1574 2045 1615 2112 sic
1638 2045 1820 2117 spiritualiter
1842 2049 1966 2104 ris-entes

333 2143 425 2199 rerbis
444 2141 587 2214 expressit.
608 2140 688 2197 Glcro
709 2140 844 2213 siquidum
862 2154 915 2196 raon
931 2137 1017 2195 solum
1031 2149 1122 2193 rorcm
1174 2136 1321 2192 carnaliter
1346 2121 1513 2207 sapientibus
1542 2135 1736 2208 praeferuntur.
1767 2136 1838 2194 Ecce
1862 2140 1965 2208 primo-

333 2232 408 2301 τοι),
422 2232 493 2289 sicut
507 2231 618 2303 quitiam
630 2231 830 2304 blasphemant,
852 2229 900 2286 sed
914 2237 943 2285 et
957 2229 991 2285 dc
1008 2226 1122 2306 pingue·
1173 2227 1277 2297 genita,
1292 2242 1352 2299 qrrae
1366 2228 1448 2285 lentis
1466 2244 1520 2285 non
1534 2229 1676 2298 comestio,
1696 2230 1744 2285 sed
1767 2231 1964 2302 cuncupiscen-

333 2324 398 2383 diuc
412 2332 492 2381 terra
505 2324 700 2382 abundantiam
721 2323 870 2396 pluriorem
896 2321 1041 2376 concessit.
1058 2317 1123 2375 Ser·
1175 2321 1212 2377 tia
1227 2320 1298 2378 Esau
1322 2322 1444 2390 abstulit,
1468 2321 1555 2378 iacob
1576 2322 1697 2394 eiusdem
1718 2321 1800 2379 lentis
1820 2324 1964 2396 despectus

332 2420 446 2476 vitutem
471 2418 553 2476 etiam
581 2417 755 2490 populorum,
777 2417 964 2472 adorationem
990 2414 1122 2481 tribuum,
1173 2416 1299 2483 contulit,
1314 2425 1342 2471 ct
1360 2416 1507 2487 primatum
1521 2415 1611 2471 clerus
1635 2429 1669 2471 ex
1689 2415 1864 2472 continentia
1881 2418 1965 2473 casti·

333 2522 362 2572 et
378 2511 589 2584 doprinationcro
607 2510 722 2566 fratrum
735 2509 857 2571 suornm,
871 2516 898 2563 ct
909 2505 1123 2562 incurvationem
1175 2515 1230 2564 tatc
1248 2506 1408 2580 promeruit,
1421 2520 1503 2577 param
1517 2506 1638 2563 carnalis
1653 2507 1964 2577 concupiscentiossaa·

333 2603 491 2674 expressit:
509 2602 534 2658 iu
558 2602 657 2673 quibus
679 2599 824 2667 omnibus,
842 2614 896 2653 non
920 2597 1039 2661 latriam,
1061 2612 1122 2668 quac
1174 2601 1269 2666 ritate,
1285 2598 1359 2655 uelut
1382 2599 1499 2667 quamn
1521 2598 1581 2653 rula
1601 2598 1683 2655 lentis
1705 2600 1865 2659 decoctione
1878 2600 1964 2672 pluris

331 2683 384 2754 soli
407 2694 463 2751 beo
481 2693 607 2759 debetur,
622 2693 670 2749 sed
690 2691 790 2748 duliam
814 2689 1007 2762 intelligimus,
1022 2695 1123 2759 «porroet
1174 2690 1263 2746 drrxit.
1286 2689 1335 2745 lIst
1360 2696 1388 2743 ct
1411 2688 1463 2744 alia
1490 2686 1573 2759 irrrjns
1593 2689 1844 2761 prarposterationis
1867 2706 1962 2756 causa,

333 2783 440 2857 arrpelis
458 2790 486 2841 et
510 2783 613 2841 soractis
635 2780 806 2846 bominibus.
833 2788 1045 2849 sanctorumque
1063 2777 1123 2843 oui·
1174 2782 1234 2854 pius
1250 2782 1355 2838 scilicet
1369 2780 1556 2838 nostrilacob
1571 2780 1719 2862 dolnanni
1731 2796 1841 2837 carnem
1856 2785 1962 2852 parcan

331 2875 447 2933 buslibet
470 2874 674 2933 autumantibus
697 2873 857 2934 ,exbibetun
878 2867 1058 2941 Popularibus
1073 2882 1123 2923 au·
1175 2872 1249 2929 reiut
1263 2871 1410 2944 quamdam
1425 2872 1493 2928 badi
1507 2869 1605 2942 pollent
1626 2885 1780 2939 asmmms,
1797 2873 1823 2928 in
1836 2872 1963 2932 siunlitu·

333 2975 387 3024 torn
401 2966 468 3024 cleri
483 2966 642 3024 seruitutem
657 2964 766 3031 indixit,
781 2972 809 3020 et
821 2961 966 3018 vivendum
980 2961 1006 3017 ei
1020 2960 1121 3034 gladio.
1174 2962 1264 3019 dinam
1289 2961 1382 3018 carnis
1404 2962 1509 3031 peccati
1530 2962 1623 3017 turrirc
1648 2962 1744 3030 voluit,
1770 2972 1891 3022 tentatus
1913 2979 1962 3035 per

332 3067 361 3113 et
384 3056 412 3112 in
440 3056 603 3128 pinguedine
632 3063 712 3111 terras
744 3051 958 3110 benedicendum
985 3050 1119 3123 prodixit.
1173 3054 1264 3110 omnia
1277 3070 1326 3125 pro
1346 3054 1523 3110 similitudine
1538 3056 1642 3127 absque
1656 3065 1770 3128 perram
1792 3054 1888 3127 (Heia.
1912 3058 1960 3126 rr).

332 3145 412 3226 lino,
426 3148 479 3205 etsi
492 3147 518 3204 ci
534 3160 624 3203 rorem
636 3146 700 3202 coeli
717 3144 865 3225 concessit,
879 3157 933 3222 non
948 3153 1038 3202 tamen
1052 3146 1121 3201 roris
1174 3142 1252 3201 lluue
1271 3146 1382 3215 pictatis
1404 3146 1509 3212 dolum,
1534 3158 1621 3203 ruane
1642 3148 1729 3218 gratia
1750 3156 1894 3218 operasse,
1915 3145 1962 3202 lu-

332 3238 395 3296 coeli
419 3238 627 3306 abundantiam,
655 3247 682 3293 et
703 3238 791 3309 ipsum
817 3251 925 3302 rorem,
958 3251 1012 3293 non
1040 3236 1067 3292 in
1091 3250 1122 3294 so
1173 3235 1292 3294 dacorum
1308 3237 1431 3311 populns,
1446 3238 1519 3295 relnt
1532 3251 1610 3310 pater
1625 3255 1713 3297 cacus
1729 3240 1858 3312 ignorans
1877 3238 1961 3295 borre-

331 3330 486 3398 babituros,
510 3331 559 3388 sed
572 3330 690 3401 desuper
704 3345 720 3385 a
736 3328 825 3396 clero,
843 3339 943 3401 etpost
960 3338 1041 3385 torrae
1062 3327 1120 3399 pin·
1173 3328 1321 3386 dictionem
1339 3347 1421 3402 quam
1445 3328 1521 3389 lsaac
1541 3332 1627 3391 iacob
1642 3333 1725 3388 aerbo
1739 3333 1860 3398 dederat,
1880 3345 1961 3402 oriere

331 3420 475 3491 guediuem
506 3426 683 3490 pereepturos
708 3418 845 3490 praerlixit.
870 3416 923 3474 Sed
950 3433 1004 3474 noo
1033 3390 1156 3473 solumC
1174 3423 1202 3477 io
1219 3421 1329 3479 cinisio
1352 3426 1480 3481 insciens
1496 3423 1665 3495 adimplevit.
1687 3423 1718 3480 Si
1738 3423 1809 3479 errius
1826 3426 1961 3495 morioris·

331 3513 507 3586 quidsitper
522 3512 622 3569 lsaaoa
637 3512 752 3568 Domino
771 3510 1041 3588 praedicturn,scdct
1056 3508 1121 3582 quid
1172 3523 1248 3581 sent,
1278 3531 1412 3583 namnam
1441 3515 1582 3592 bantinum
1604 3516 1696 3588 piorirr
1714 3515 1906 3586 crucifixissent
1933 3516 1960 3587 (i

330 3607 403 3666 lnter
416 3607 491 3677 ipsos
505 3605 605 3663 iratres
625 3614 715 3661 actum
731 3605 766 3661 sit
791 3603 974 3660 attendamus.
996 3602 1068 3659 Esau
1081 3601 1120 3659 si·
1173 3603 1236 3660 cor.
1254 3606 1297 3673 ιι).
1314 3606 1399 3676 liuius
1414 3622 1478 3680 ergo
1500 3607 1586 3663 nostri
1609 3605 1665 3661 ruri
1688 3604 1773 3662 lacob
1788 3607 1896 3675 morito,
1913 3610 1961 3679 qui

330 3698 441 3770 quidem
453 3698 636 3771 primogenita
656 3695 736 3753 fratri
752 3695 840 3751 libens
851 3696 948 3766 primo,
970 3704 998 3751 ct
1010 3711 1042 3751 ca
1059 3710 1121 3766 par·
1173 3711 1240 3751 non·
1257 3708 1312 3754 tam
1338 3702 1464 3776 trrrgcndo
1491 3698 1632 3771 lapidem,
1660 3714 1743 3769 qrram
1767 3698 1886 3769 seipsum
1911 3713 1963 3753 nn·

327 3790 480 3864 sipeudeus
501 3790 598 3847 loxitcr
618 3788 766 3846 concessit.
781 3786 835 3843 bed
856 3788 1030 3859 postmodum
1054 3803 1117 3842 corr·
1172 3800 1246 3845 crum
1267 3790 1385 3861 lapident
1408 3792 1573 3859 exbibenda,
1592 3801 1690 3848 unrms
1711 3790 1771 3848 also
1785 3789 1885 3849 iatillae
1904 3804 1963 3866 pm

329 3882 498 3941 cessissem
523 3880 617 3938 dolens
631 3880 664 3936 ad
683 3865 883 3952 persecutionis
902 3863 1073 3951 syrannum
1089 3892 1120 3935 se
1171 3881 1343 3938 csrrsorrlbus
1358 3880 1415 3938 suis
1429 3880 1517 3947 (Paul.
1534 3883 1620 3954 sarx),
1635 3891 1785 3940 coronatus
1805 3892 1833 3941 et
1851 3886 1960 3943 oblatos

328 3974 475 4032 corrrortit.
503 3974 549 4052 bic
574 3981 602 4031 ct
626 3972 824 4030 Constantinus
848 3969 972 4028 Romano
998 3969 1119 4042 pontiflci
1171 3970 1198 4025 in
1213 3985 1295 4027 cruce
1311 3970 1481 4028 uerusnobis
1495 3985 1541 4027 rcx
1555 3972 1644 4027 lactus
1664 3981 1706 4029 cst
1724 3983 1752 4030 ct
1769 3974 1907 4053 arcados,
1921 3974 1959 4031 illi

330 4064 407 4136 regni
421 4064 548 4138 insignia,
563 4078 692 4121 coronam
710 4063 817 4120 scilicet
831 4070 859 4118 et
876 4076 1024 4133 purpuram
1041 4075 1120 4133 repa·
1170 4061 1253 4117 ctiam
1268 4062 1314 4132 oui
1333 4062 1487 4118 sacerdotio
1507 4062 1656 4133 iunguntur
1670 4063 1708 4129 ci,
1721 4078 1807 4136 penas
1827 4065 1959 4133 electum,

330 4156 384 4214 lem
403 4157 517 4215 devotus
532 4155 620 4228 primo
637 4153 746 4220 obtulit.
762 4152 834 4224 quod
851 4152 879 4209 in
902 4152 1024 4210 restibus
1048 4152 1118 4210 Esau
1171 4154 1262 4224 rogale
1293 4152 1500 4220 sacerdotium,
1529 4154 1604 4225 juste
1629 4154 1695 4210 dicti
1724 4163 1788 4212 surit
1814 4165 1842 4213 et
1867 4156 1958 4214 ebt-cri

329 4247 410 4306 valdo
429 4248 508 4305 bonis
521 4246 636 4305 lacoba
654 4256 742 4305 matrs
754 4246 893 4304 concessis
916 4244 1118 4318 malagmatum
1170 4244 1196 4318 (l
1223 4242 1295 4301 Petr.
1325 4246 1376 4315 ιι),
1403 4246 1621 4302 burredictioncm
1642 4256 1783 4319 paternam
1807 4248 1882 4306 uelut
1900 4236 1958 4305 'otri

327 4339 397 4408 lnit;
412 4340 459 4398 sed
471 4348 499 4398 et
512 4340 539 4398 iu
552 4340 758 4399 successoribus
771 4341 831 4397 suis
844 4340 932 4397 oidcrn
946 4339 1118 4411 postmodnm
1169 4337 1320 4409 spiritualis
1332 4338 1422 4395 baron
1438 4338 1500 4408 inre
1516 4338 1689 4395 tranditario
1704 4341 1876 4412 possidentes

328 4432 423 4490 exsilia
439 4433 541 4499 intulit,
564 4441 681 4489 mortem
695 4435 780 4490 etiarn
794 4432 986 4498 comminatus,
1004 4431 1119 4500 iujurias
1205 4431 1259 4487 Sed
1279 4432 1349 4487 iuter
1369 4432 1425 4486 baec
1442 4430 1595 4487 mernmerit
1616 4441 1708 4488 noster
1731 4433 1958 4506 Sermnaanton-

328 4522 427 4582 multas
448 4523 565 4593 indixit,
583 4527 632 4583 sed
653 4525 762 4582 tarrdem
785 4523 858 4582 Esau
881 4522 965 4579 Jacob
987 4523 1117 4593 patientia
1169 4523 1233 4579 dum
1249 4523 1298 4579 sibi
1321 4538 1392 4588 esse,
1414 4539 1468 4578 non
1483 4523 1652 4595 gloriandum
1667 4535 1801 4596 potestate
1813 4540 1896 4599 quam
1911 4541 1959 4584 ac·

327 4623 356 4670 et
375 4613 580 4685 longanimitate
598 4614 731 4680 deuictus.
747 4613 847 4669 divinas
864 4614 1006 4670 sentcntiae
1021 4629 1119 4685 qrrarn·
1169 4618 1241 4687 cepit
1258 4616 1284 4672 in
1297 4615 1515 4681 aedificationem,
1531 4603 1627 4673 non'in
1644 4619 1867 4675 dustram-tionem.
1883 4619 1959 4676 Sciat

327 4704 370 4760 tis
383 4703 483 4761 inritus
498 4704 651 4776 aequicrit3
665 4713 694 4759 et
706 4704 869 4761 corrdncmm
884 4705 909 4760 ei
925 4709 1006 4774 atque
1020 4702 1115 4760 dcicn·
1131 4725 1155 4785 υ
1170 4709 1296 4765 tut-ndum
1316 4708 1369 4764 sibi
1391 4708 1519 4763 traditum
1538 4724 1632 4777 agrum
1650 4710 1721 4766 lento
1735 4708 1853 4780 plumam,
1868 4712 1958 4782 potius

326 4793 443 4862 sionem,
456 4796 546 4865 potius
561 4804 653 4850 tamen
670 4810 704 4850 cx
721 4795 897 4866 simulatione
918 4810 999 4868 qrtarn
1013 4810 1047 4849 rx
1067 4794 1116 4851 de·
1167 4814 1249 4870 qnam
1272 4799 1473 4865 deaastandum,
1499 4800 1665 4872 probibilum
1691 4800 1741 4856 sibi
1764 4801 1844 4857 lentis
1867 4816 1955 4866 munt.

317 4886 448 4955 -xotionc,
463 4886 579 4945 obtulit:
602 4902 683 4958 ortam
699 4896 727 4944 et
741 4886 827 4943 Jacob
842 4888 991 4958 sapienter,
1006 4897 1033 4944 et
1053 4903 1116 4959 pro·
1166 4892 1317 4948 carnalium
1339 4892 1441 4948 scilicet
1455 4907 1568 4963 operum
1591 4893 1809 4961 ‹ieiunaturos-nr,
1826 4894 1885 4967 apri
1905 4895 1957 4950 sibi

328 4977 390 5036 ride
411 4978 562 5046 recusauit,
589 4978 703 5035 dicens:
726 4976 815 5046 Nosti,
829 4979 900 5050 quod
924 4977 1047 5049 paruulos
1068 4978 1117 5032 lto·
1167 4984 1340 5040 commissam
1354 4982 1550 5041 aleieus'onem.
1568 4983 1683 5041 Student
1703 4985 1786 5057 igitur
1807 4985 1958 5056 spiritualis

326 5072 400 5128 leant
413 5079 524 5139 teneros,
539 5083 563 5128 et
575 5087 634 5128 oter
648 5071 799 5144 [cinnanos
810 5072 832 5126 ai
844 5069 902 5142 plna
917 5071 945 5124 in
956 5070 1116 5127 arribulomlo
1142 5123 1145 5130 .
1167 5076 1293 5131 Sorrrmaa
1309 5074 1446 5130 carnalem
1462 5079 1589 5146 populum
1606 5078 1679 5133 uolut
1694 5093 1789 5150 aprum
1809 5076 1882 5134 lcrrtc
1899 5078 1958 5149 plo·

324 5163 412 5237 iecora
436 5163 578 5233 laborare,
610 5165 755 5220 rrroriemsr
774 5179 863 5219 omncs
887 5179 939 5217 nrra
961 5162 1005 5218 die
1030 5162 1114 5234 (Gen.
1167 5181 1230 5222 num
1247 5164 1326 5230 tueri,
1340 5164 1435 5221 saltem
1450 5182 1464 5220 a
1479 5168 1668 5225 criminalibus
1683 5169 1813 5239 pcccatis,
1828 5168 1850 5225 si
1868 5185 1924 5232 non
1940 5185 1957 5223 a

323 5260 433 5331 xxxin).
449 5258 515 5328 erac
536 5260 628 5315 outnia
643 5257 714 5327 apud
737 5271 824 5314 sacrm
849 5256 996 5328 Scriptura
1016 5272 1115 5329 grraros
1166 5257 1379 5327 concuspiscenda
1403 5273 1488 5314 uxore
1513 5259 1646 5329 proximi,
1671 5259 1767 5314 saltem
1793 5257 1828 5313 ab
1852 5260 1958 5316 adulto-

323 5353 496 5422 expositione
520 5368 574 5410 non
598 5349 721 5421 indigent
743 5349 792 5406 sed
823 5358 927 5405 ιιιιιιιιιιι
949 5363 1115 5408 rcrncrnora·
1166 5349 1262 5416 sanda,
1279 5349 1302 5404 si
1324 5366 1377 5405 nou
1401 5365 1416 5404 a
1443 5365 1472 5406 re
1492 5350 1551 5418 cius
1573 5351 1802 5422 coxrcnpisconda,
1821 5352 1917 5406 saltem
1941 5366 1956 5406 a

299 5441 592 5500 ‘tionelliudautem
607 5442 1112 5515 potissimumrideturatteadeudum,
1166 5441 1311 5512 rapicnda3
1340 5442 1363 5499 si
1390 5458 1443 5499 non
1467 5443 1502 5497 ab
1523 5442 1597 5509 odio,
1621 5444 1717 5499 saltem
1741 5443 1775 5498 ab
1798 5441 1956 5502 lrornicidio.

322 5547 379 5606 qtro
395 5532 476 5603 iore,
500 5535 634 5604 quibusve
653 5550 686 5593 cx
707 5533 798 5592 musis
820 5534 909 5589 minor
926 5543 990 5589 nam
1010 5533 1125 5604 primo·⁸
1165 5532 1286 5588 'lurcatur
1301 5533 1486 5604 pauperes-ab
1503 5532 1609 5603 injuriis
1622 5534 1747 5600 divitum,
1762 5532 1861 5589 divitus
1881 5549 1896 5586 a
1916 5531 1957 5587 la·

322 5628 415 5699 genito
432 5624 469 5682 sit
486 5624 631 5696 praelatum
656 5634 685 5682 et
699 5628 788 5698 prima
811 5626 921 5695 ouldern
942 5622 1069 5693 laciejus
1085 5622 1111 5677 in
1164 5627 1241 5698 qrrcis
1263 5627 1428 5691 damonum,
1451 5627 1552 5685 docens
1566 5643 1614 5684 eos
1636 5643 1688 5684 non
1704 5628 1821 5698 superbe
1845 5613 1956 5697 sapere.¹

321 5717 442 5776 sridcuti
464 5731 526 5776 esso
547 5717 670 5784 ridetur.
699 5719 770 5789 quod
797 5715 881 5775 iacob
906 5716 1006 5773 lentem
1031 5729 1111 5785 ouum
1164 5735 1216 5776 nec
1236 5734 1347 5792 sperare
1365 5720 1391 5774 iu
1406 5720 1689 5785 incertudiritiarmn,
1710 5720 1804 5774 dia-ens
1821 5719 1870 5783 eis,
1890 5717 1954 5789 qnia

323 5818 449 5877 coxerat,
462 5824 518 5868 non
537 5820 618 5867 antea
633 5808 710 5867 lratri
726 5812 860 5867 instanter
880 5810 982 5883 paterni
995 5824 1110 5867 conces·
1162 5812 1208 5883 pai
1222 5810 1311 5867 nolunt
1325 5812 1416 5865 dirim
1428 5811 1497 5881 peri,
1512 5812 1669 5867 tractatuum
1682 5811 1862 5875 rerrrniomn,
1877 5821 1903 5864 at
1917 5811 1955 5863 lu·

322 5901 377 5970 sit,
397 5904 484 5961 donec
508 5902 553 5961 ina
574 5902 754 5974 primogenitu
778 5913 875 5973 sponte
897 5904 989 5959 cenato,
1015 5902 1062 5959 sic
1084 5910 1112 5959 et
1163 5917 1257 5972 pnsum
1270 5901 1369 5959 dioboli
1381 5900 1408 5973 (l
1420 5900 1487 5956 Tim.
1501 5904 1550 5968 ιι).
1567 5903 1669 5959 Caveat
1686 5912 1774 5958 autom
1789 5901 1860 5957 idem
1875 5901 1956 5958 Sors·

323 5994 414 6056 durus
427 5997 524 6056 cadon
541 5997 623 6056 unu
638 5996 703 6071 jors
717 5995 824 6071 populis
838 6006 880 6058 est
893 5996 1032 6071 prolatus,
1048 6008 1110 6053 cum
1165 6009 1237 6064 maa,
1254 5982 1288 6050 ne'
1302 5994 1389 6052 solam
1402 6011 1494 6054 rocam
1506 5994 1591 6054 Jacob
1605 5996 1758 6066 rctinomlo,
1774 5991 1955 6051 ruaunsisart
