4584 6767
957 620 1037 681 vlla
1057 624 1087 681 S.
1107 620 1279 681 PELbGiAE.
1295 652 1330 664 -
1346 619 1412 678 uit.
1426 611 1448 677 i.
1477 618 1481 628 '

965 845 1144 936 ttsshh
1170 841 1420 933 PRIMUS.
1495 854 1498 866 '

602 1181 717 1241 captiv
732 1176 876 1239 l‘liiiiiili.
1145 1176 1323 1249 tspeculnm
1349 1191 1409 1235 sese
1425 1178 1560 1235 lavasset
1577 1191 1761 1249 componens,
1781 1184 1918 1249 quatenus
1932 1176 1977 1236 ni·

371 1272 475 1329 hitinrr
487 1270 608 1343 quadarn
622 1286 672 1343 pro
694 1272 804 1341 neqotin
821 1278 932 1328 sanctus
953 1271 1064 1343 quidam
1077 1268 1131 1325 hn-
1191 1270 1231 1325 bil
1246 1284 1384 1340 corporeos
1399 1271 1470 1327 desit
1488 1270 1684 1341 pulchritudini
1695 1270 1708 1325 l
1719 1271 1860 1338 Quomodo
1880 1272 1973 1327 omni·

331 1366 533 1422 tinehcnorum
551 1365 698 1435 episcopus
716 1362 848 1419 initim'os
864 1364 1009 1435 episcopos
1034 1377 1132 1420 evoca·
1182 1362 1234 1418 bus
1262 1361 1369 1432 placcat
1381 1361 1439 1417 suis
1453 1362 1643 1425 amatoribus,
1657 1362 1745 1432 turpis
1763 1378 1816 1419 non
1831 1373 1973 1435 appareat,

337 1463 385 1516 vit.
403 1459 602 1516 Convenerunt
623 1465 687 1514 octo
705 1467 829 1521 numeru,
845 1456 917 1512 inter
930 1471 999 1526 quos
1017 1465 1078 1512 erat
1090 1454 1132 1511 vlr
1182 1455 1229 1525 qni
1249 1454 1330 1511 hodie
1354 1464 1430 1519 sunt,
1454 1456 1579 1521 crastino,
1599 1453 1753 1509 tollenturi
1771 1454 1826 1511 iios
1845 1465 1974 1511 econtra

302 1612 305 1616 ,
337 1552 506 1625 apostolicus
518 1558 547 1607 ct
562 1550 662 1619 dignus
686 1548 839 1605 sacerdotio
854 1546 968 1605 linnnus
980 1546 1131 1619 licliopoli-
1183 1546 1364 1602 immortalem
1381 1545 1511 1601 hahentes
1529 1546 1556 1599 ln
1572 1544 1649 1601 coelis
1664 1545 1812 1615 Sponsum,
1826 1547 1974 1605 donantem

323 1644 430 1710 ἰιιιιιι,
444 1637 494 1714 qui
508 1644 544 1699 ob
557 1641 655 1698 merita
667 1641 799 1695 virtutum
819 1650 915 1711 raptos
929 1640 1129 1696 'lebedensium
1181 1634 1317 1692 castitatis
1332 1634 1499 1691 amatoribus
1508 1633 1665 1690 divitiarum
1678 1636 1790 1705 premia
1806 1636 1972 1704 coeiestium,

336 1749 371 1792 ex
395 1734 577 1800 monasterio,
594 1745 749 1806 quanquam
774 1731 1018 1808 invitumpasccre
1039 1739 1131 1789 snsce-
1181 1737 1243 1794 que
1261 1725 1391 1779 estimari
1409 1739 1464 1779 non
1480 1725 1596 1794 possint,
1612 1740 1666 1779 non
1681 1726 1842 1782 exhibemus
1854 1741 1973 1798 corpora

334 1834 537 1897 peratqrepem
553 1824 669 1889 Christi,
687 1824 714 1878 in
727 1821 845 1879 salutem
861 1823 1130 1880 nrnitornrnstsetnq
1180 1822 1273 1869 nostra
1287 1814 1402 1870 hostiam
1417 1815 1565 1881 viventem,
1580 1824 1714 1885 sanctam,
1741 1817 1796 1874 lieo
1807 1818 1971 1887 placentem

334 1919 370 1975 ,p
390 1919 453 1988 tp„
473 1925 640 1972 atvoeqtnt,
664 1914 784 1984 1110qu
809 1914 974 1986 nettopqttm
990 1916 1130 1972 attilam„
1181 1918 1234 1960 non
1258 1905 1381 1975 inquam,
1408 1906 1514 1979 arrirnas
1539 1908 1728 1965 castificamus
1743 1918 1853 1966 nostras
1873 1911 1973 1968 tirrrote

334 2017 363 2064 eq
376 2022 433 2064 m
449 2006 652 2064 smoenomffl
665 2005 750 2062 mitti,
771 2006 806 2062 (te
828 2007 879 2062 sut)
890 2006 957 2078 jugo
970 2006 1068 2063 diaboti
1082 2008 1127 2064 qt).
1180 1994 1276 2067 ipsius,
1300 2012 1389 2067 neque
1399 1998 1525 2076 exuimur
1543 1999 1789 2067 concupiscentiis,
1804 2015 1972 2058 ornamurve

335 2106 406 2163 acts,
417 2096 496 2168 regis
511 2098 554 2152 sai
570 2096 748 2152 transtulerat
762 2095 789 2151 in
810 2096 946 2153 ballistam.
1180 2090 1435 2155 sacrisvirtntibus,
1448 2093 1496 2146 sed
1512 2092 1538 2147 in
1548 2090 1938 2162 puiverejaccmnsvitiorum.
1957 2113 1974 2148 s

371 2186 579 2245 'lebedensium
596 2202 679 2258 povm
701 2189 911 2255 monasterium,
931 2188 1068 2247 Thebaida
1091 2191 1129 2247 at.
1216 2185 1327 2239 hordea
1347 2184 1547 2248 dixisset,eurn
1563 2184 1679 2241 diacono
1703 2200 1753 2242 suo
1774 2187 1918 2243 adceiiam
1941 2190 1971 2246 irs

336 2286 403 2345 tata,
421 2278 653 2350 pentannsstmo
672 2278 765 2335 flofntt
778 2280 915 2350 qnondam
940 2279 1078 2351 mttgtonts
1089 2282 1129 2337 qt.
1179 2290 1231 2345 qua
1245 2275 1432 2346 hospitabatur
1442 2277 1565 2332 recessit.
1579 2276 1637 2334 lllic
1648 2278 1791 2348 ingressus
1801 2280 1969 2345 cubiculum,

333 2377 409 2440 parc,
421 2385 458 2427 ae
468 2370 604 2441 probatis,
617 2363 687 2441 quos
698 2371 827 2428 educarit
838 2371 906 2427 siris
918 2374 1054 2430 orientem
1066 2373 1127 2430 illu·
1177 2366 1294 2437 iactavit
1308 2382 1338 2422 se
1352 2367 1380 2422 in
1403 2368 1612 2437 pavimentum,
1639 2367 1794 2439 laciemque
1817 2371 1845 2425 in
1865 2380 1970 2427 terram
2016 2371 2023 2389 ¹

334 2460 434 2516 stravit
459 2462 629 2527 universum,
644 2470 674 2515 ut
684 2461 763 2531 plane
773 2461 904 2531 gauderet
917 2464 1020 2541 quaevis
1035 2465 1128 2521 Eccie·
1179 2460 1319 2530 premebat
1332 2468 1362 2516 et
1376 2460 1719 2531 lacrymabatur,.dicens:
1737 2480 1747 2514 ι
1770 2461 1882 2520 liomine
1898 2464 1970 2522 bens

335 2552 373 2607 sia
384 2553 418 2607 de
443 2550 518 2607 iliius
540 2566 572 2607 sc
590 2552 710 2607 alumnis
727 2553 861 2609 meruisse
876 2562 1023 2623 pastorem.
1038 2554 1125 2622 Quin·
1139 2541 1358 2614 ¹innonatur-ct
1368 2554 1534 2615 misericors,
1546 2554 1654 2625 iqnosce
1668 2554 1859 2625 mihi,quaeso,
1873 2549 1971 2626 pecca·

334 2656 386 2712 qne
402 2641 449 2696 set
463 2642 580 2714 napitas
595 2644 790 2700 monachorum
811 2642 848 2700 ibt
863 2644 947 2700 mitiis
964 2647 1126 2717 regebantur
1178 2642 1251 2706 tari,
1278 2643 1409 2712 qnoniam
1437 2650 1554 2699 ornatus
1571 2643 1694 2700 extortor
1721 2644 1877 2700 meretricis
1891 2646 1970 2701 istius

337 2748 388 2789 nuo
402 2733 515 2800 abbate,
529 2732 574 2789 cui
590 2742 692 2804 quanto
714 2743 845 2804 parerent
870 2735 972 2802 studio,
987 2752 1040 2808 qna
1061 2740 1125 2795 snb-
1178 2730 1293 2786 interlus
1306 2740 1499 2788 ornamentum
1520 2732 1663 2800 superavit
1685 2733 1783 2789 anime
1802 2747 1881 2789 mee.
1895 2732 1970 2800 Quo·

291 2897 298 2902 ι
336 2835 426 2881 essent
454 2825 631 2892 hannibale,
651 2840 734 2896 quarn
758 2825 1029 2895 glosiosoqttcmnt
1046 2845 1127 2883 mn...
1178 2821 1329 2876 narnvultn
1351 2820 1612 2891 suspiciamadtel
1639 2820 1887 2891 quihusjustihcer
1911 2837 1971 2879 sor·
2032 2867 2041 2874 .

337 2920 397 2973 (tum
411 2919 554 2989 despectu,
567 2917 632 2988 qnia
646 2916 836 2974 discrepante
857 2918 979 2992 tongum,
992 2935 1122 2991 superse.
1177 2913 1303 2967 monibus
1318 2912 1345 2967 in
1363 2919 1511 2980 corispectu
1528 2913 1599 2967 tuot
1626 2912 1719 2982 Neque
1738 2913 1823 2977 enirn,
1841 2912 1976 2978 Domine„

336 3010 396 3062 deo.
603 3025 606 3030 ·
1121 3045 1124 3052 .
1178 3002 1542 3060 enrncnrnoccntntarhn
1560 3014 1625 3059 ante
1647 3015 1685 3070 te,
1711 3004 1775 3075 quia
1796 3013 1825 3061 ιιι
1846 3018 1974 3063 senesce

370 3098 456 3168 lqitur
474 3098 595 3169 episcopi
623 3098 718 3168 positia
742 3098 786 3154 die
811 3099 928 3169 quadam
944 3097 1048 3154 'sellulis
1068 3112 1124 3170 pre
1177 3094 1259 3152 corda
1276 3096 1421 3163 scrutaris,
1439 3096 1512 3153 nuda
1532 3108 1559 3153 et
1575 3106 1669 3167 aperta
1690 3105 1755 3153 sunt
1770 3098 1863 3154 omnia
1880 3099 1971 3157 oculis

338 3188 442 3245 loribus
464 3189 584 3245 basilice
602 3189 705 3247 iuliani
722 3192 850 3263 nrnnyris
872 3191 1126 3257 consederant,at-
1178 3189 1344 3245 tuis.Etvae
1357 3188 1598 3259 miseromihiqni
1615 3198 1662 3244 tuo
1680 3188 1761 3244 altari
1790 3199 1971 3261 astareprae·

338 3297 389 3350 qne
400 3280 549 3336 venerabili
566 3280 664 3336 ltnnno
678 3279 712 3337 do
727 3282 812 3337 verbo
827 3281 889 3337 vitre
905 3282 1032 3337 tractanti
1052 3290 1127 3338 tone·
1177 3297 1265 3348 sutrio,
1286 3281 1424 3353 mysteriis
1438 3293 1482 3335 me
1505 3280 1607 3335 sanetis
1628 3281 1734 3350 inqero,
1759 3295 1811 3337 uec
1825 3281 1970 3353 pulchram

338 3374 404 3428 baut
429 3373 614 3428 auditorium:
630 3387 692 3428 cnrn
705 3386 769 3428 ecce
781 3372 909 3428 meretrix
924 3372 1126 3443 speciosissima
1177 3375 1262 3432 odero
1277 3376 1409 3441 animam,
1426 3374 1534 3445 qnaiem
1547 3375 1662 3444 expetis.
1676 3372 1723 3429 ilia
1738 3374 1863 3446 promisit
1878 3377 1970 3433 bomi-

338 3463 486 3517 urinarum
498 3461 649 3518 Antiochiae
659 3462 760 3532 prima,
774 3463 901 3521 vehiculo
914 3464 1025 3529 sedens,
1038 3474 1127 3521 trans·
1178 3469 1260 3549 pibus
1274 3468 1383 3538 placere
1396 3476 1424 3523 et
1440 3468 1506 3524 iecit
1518 3484 1526 3521 ι
1538 3480 1589 3539 eqo
1606 3467 1717 3538 promisi
1738 3467 1846 3538 plaeere
1862 3468 1922 3535 tihi,
1940 3476 1971 3525 ct

338 3555 368 3610 iit
391 3555 492 3609 amicta
517 3552 611 3626 pallio,
637 3555 795 3626 margaritis
826 3570 950 3626 auroque
982 3556 1124 3626 insignito,
1178 3560 1310 3616 mentitus
1329 3575 1400 3623 aum.
1422 3558 1591 3615 liudussnm
1616 3559 1715 3614 tamin
1738 3558 1912 3629 coeioquam
1939 3560 1971 3615 ln

337 3660 464 3719 torquem
495 3648 566 3704 eollo
589 3647 692 3702 habens
714 3662 826 3703 auream
847 3664 927 3720 quarn
956 3665 1012 3719 prae
1042 3649 1127 3705 nintia
1179 3659 1262 3719 ιιιιιι,
1284 3652 1407 3718 liudoino,
1425 3651 1615 3721 quiapcccavi
1634 3650 1684 3706 tihi
1707 3661 1736 3706 et
1756 3650 1892 3719 mandatis
1915 3651 1976 3707 tuis

336 3739 543 3811 pulchritudine
559 3740 1001 3811 seuovnamemorumspiendme
1020 3739 1127 3811 biarga·
1179 3758 1233 3800 non
1256 3744 1527 3814 obedivi-Erqormn
1551 3751 1592 3798 est
1611 3755 1673 3810 spes
1700 3742 1765 3796 rnilri
1785 3742 1969 3812 exoperibus
2010 3812 2013 3816 Ι

337 3834 416 3888 vitam
451 3832 677 3904 ωειοιιιὶιιιιθιιῑ
702 3830 876 3887 Antiocheni·
917 3830 1023 3887 Fertne
1051 3829 1125 3886 illius
1140 3875 1163 3934 c
1180 3835 1268 3902 bonis,
1285 3836 1333 3891 sed
1344 3849 1406 3906 spes
1420 3848 1478 3891 orrea
1499 3843 1527 3889 ιιι
1540 3848 1586 3903 es,
1601 3842 1646 3889 tua
1669 3833 1843 3890 ntiscratione
1860 3831 1970 3891 corruda

336 3925 408 3980 mila
420 3933 529 3995 poterat
540 3921 715 3980 hitis'secuii
730 3923 841 3980 satietas
863 3920 934 3989 lieri,
948 3937 1001 3995 qua
1016 3919 1127 3978 Sirenes
1179 3928 1288 3985 saivari.
1312 3948 1322 3981 ι

338 4014 514 4070 romdmima
537 4014 653 4070 miseros
673 4011 813 4068 alliciebat
836 4019 866 4068 ct
892 4012 1034 4082 perdebat.
1050 4012 1127 4068 liiam

335 4107 450 4177 preibat
471 4115 501 4161 ct
525 4106 690 4175 sequebatur
704 4107 807 4178 inqcnti
820 4118 919 4177 pompa
934 4118 1081 4178 puerorum
1095 4118 1129 4161 ae

335 4198 489 4269 puellarum
502 4198 595 4265 turba,
615 4197 693 4254 scitis
712 4196 832 4256 vultibus
851 4196 982 4266 ctvltuque
996 4194 1129 4251 ambitio-
1214 4198 1280 4256 Erat
1291 4198 1442 4257 sahbatum.
1458 4200 1527 4256 Cum
1542 4200 1627 4271 igitur
1641 4208 1721 4257 nocte
1733 4208 1826 4257 secuta
1841 4200 1971 4257 sacerdos

334 4305 383 4355 sn,
401 4289 506 4345 diversi
534 4288 689 4361 persultans
711 4288 821 4359 generis
838 4288 986 4353 musicam,
1012 4300 1072 4359 quse
1086 4301 1120 4342 es
1179 4288 1264 4357 quieti
1288 4289 1482 4353 concessisset,
1495 4289 1619 4359 jucundo
1644 4303 1694 4356 per
1712 4289 1799 4343 risum
1815 4290 1848 4345 dc
1871 4288 1969 4345 laturis

335 4390 542 4452 unquentorum
566 4379 816 4437 redolentiatmum
841 4380 868 4434 in
892 4380 1007 4436 transitu
1036 4393 1127 4434 aerem
1180 4388 1223 4436 est
1252 4382 1433 4453 commonitus
1461 4380 1584 4435 oraculo.
1611 4378 1680 4434 iiam
1706 4381 1809 4436 sanctis
1834 4374 1996 4435 mentibus¹

334 4472 468 4542 pertudit.
486 4471 539 4528 Sed
553 4470 730 4544 impudicitiae
748 4470 887 4527 schemata
901 4470 1016 4542 pudicos
1035 4472 1130 4528 horret
1180 4473 1264 4531 divini
1285 4489 1481 4544 nonnunquam
1498 4488 1527 4529 se
1542 4475 1749 4544 praeostendunt
1769 4473 1864 4529 arcani
1884 4473 1972 4529 bene·

333 4563 445 4622 matris.
1181 4566 1255 4622 lrcia.
1273 4565 1389 4636 iiymnis
1403 4565 1518 4637 proinde
1530 4564 1611 4621 dictis
1632 4565 1838 4622 matutinalibus
1854 4564 1979 4623 diacono
2025 4561 2029 4576 '

654 4655 769 4714 CAPUT
785 4656 822 4712 ll.
1181 4657 1240 4712 hec
1258 4655 1366 4711 retulit:
1382 4672 1392 4706 ι
1407 4654 1560 4722 Somnium,
1575 4656 1672 4723 irater,
1688 4657 1762 4725 vidi,
1773 4660 1845 4728 qnod
1861 4668 1971 4728 pertur-

369 4748 545 4806 iiorruerum
558 4764 625 4822 erqo
639 4750 808 4816 sacerdotes,
827 4749 978 4820 sullusique
997 4763 1130 4805 verecnn-
1181 4748 1229 4804 bat
1246 4762 1304 4815 me,
1315 4746 1379 4817 quia
1393 4761 1499 4817 nequeo
1514 4748 1581 4804 iliud
1593 4749 1758 4807 discernere.
1774 4750 1891 4806 Videbar
1902 4750 1970 4805 mihi

334 4841 380 4899 dia
394 4852 557 4898 averterunt
570 4843 666 4899 oeulos
680 4859 755 4907 snos,
772 4858 806 4898 ne
824 4844 947 4898 riderent
964 4844 1128 4898 sanitatem.
1182 4848 1278 4894 sancto
1288 4838 1408 4895 astitisse
1419 4839 1499 4895 altari
1513 4849 1541 4895 et
1566 4840 1659 4895 divina
1673 4841 1815 4898 celebrare
1828 4843 1970 4913 mysteria,

334 4936 438 4992 Verum
451 4934 559 4991 altioris
577 4934 732 4993 intellectus
745 4935 787 4990 vir
808 4934 920 4992 libanus
933 4936 1091 4992 intendebat
1102 4934 1131 4989 in
1182 4930 1363 5003 columbaque
1387 4933 1464 5003 niqra
1495 4941 1524 4986 et
1547 4932 1640 4989 moitis
1658 4934 1780 4989 involuta
1810 4933 1971 4989 sordibusa

333 5040 395 5082 carn
411 5026 545 5098 spirituaii
561 5027 651 5094 oculo,
664 5025 817 5097 speculans,
830 5042 973 5097 quousque
993 5024 1131 5099 pertrans·
1182 5024 1296 5080 sinistro
1319 5038 1471 5096 exsurgens
1502 5024 1597 5079 altaris
1624 5042 1709 5082 cornu
1736 5024 1973 5082 circumvolitabat
2032 5060 2038 5067 -

334 5120 415 5182 isset,
423 5128 488 5173 tunc
500 5117 568 5173 dicit
582 5118 839 5174 circumsidentibus
854 5137 861 5173 ι
877 5118 1043 5176 tiaratamne
1054 5119 1132 5175 istius
1184 5132 1237 5184 me,
1254 5116 1333 5188 cnjus
1349 5117 1422 5173 ierre
1437 5133 1490 5174 non
1502 5133 1610 5188 possem
1622 5118 1718 5174 letaris
1729 5133 1761 5172 ac
1776 5118 1897 5173 sorditiae
1908 5118 1972 5172 hor·

1487 4060 1602 4137 uncus
1613 4061 1656 4120 ιιι.

333 5210 530 5265 considerastis
538 5210 937 5281 pulchritudinem,beatissimi
946 5207 1127 5268 sacerdoteslr
1145 5205 1169 5261 ti
1185 5224 1284 5267 rorem.
1298 5210 1386 5277 Quam
1398 5210 1509 5280 abigere
1533 5212 1597 5265 dum
1609 5209 1717 5273 veliem,
1732 5209 1886 5288 importuna
1905 5208 1974 5263 insi-
2007 5213 2009 5215 ’
2073 5249 2077 5262 ,

333 5299 527 5358 iicticentibus
541 5300 594 5357 illia
608 5312 690 5372 capnt
707 5302 778 5357 inter
798 5317 895 5358 mauros
912 5301 1068 5368 reclinavit,
1084 5311 1125 5359 at·
1179 5301 1380 5365 stcba1,doncc
1394 5303 1515 5358 linissem
1529 5301 1790 5356 catechumenorum
1804 5299 1971 5355 orationem.

333 5394 392 5462 qne
410 5387 491 5447 desis
518 5394 635 5462 qetritrns
661 5389 737 5446 licvit
759 5392 906 5447 uberrime.
925 5392 989 5448 inde
1016 5408 1124 5450 rursum
1179 5391 1246 5448 Cum
1258 5392 1403 5447 clamasset
1413 5405 1480 5447 veru
1502 5391 1657 5447 diaconus:
1678 5377 1834 5455 Praestare,
1850 5391 1974 5446 catechu-

295 5552 297 5556 ¹
334 5482 652 5557 interregnantium
667 5482 794 5539 delectati
808 5492 881 5539 tanta
895 5486 976 5553 holus
989 5469 1125 5542 nonestis
1178 5486 1264 5548 aneni,
1294 5497 1428 5553 nusquam
1447 5480 1610 5551 comparuit.
1635 5479 1735 5535 ilerum
1749 5491 1810 5550 post
1826 5483 1974 5550 missarum

334 5576 583 5647 pulchritudines»
603 5574 657 5631 iilis
674 5578 825 5633 tacentibus
840 5574 958 5644 adjecit:
976 5597 985 5629 ι
1003 5576 1060 5649 Ego
1072 5578 1126 5633 uti·
1178 5573 1368 5644 expletionem,
1376 5575 1438 5629 dunt
1455 5571 1617 5628 dimisissem
1633 5571 1795 5641 ecclesiam,
1812 5575 1973 5643 egrediente

335 5685 389 5739 qne
400 5669 551 5724 delectatus
564 5684 624 5725 snm
642 5667 730 5733 valde,
747 5668 867 5738 mihique
878 5670 986 5736 species
997 5667 1124 5739 ejrrspia·
1180 5682 1223 5723 me
1237 5667 1369 5731 sacrario,
1384 5665 1483 5720 iterum
1497 5664 1736 5721 circumvolitabat
1748 5679 1802 5721 mc.
1822 5664 1909 5731 Quam
1920 5655 1971 5733 eqo

336 5763 403 5825 ursit,
419 5761 482 5830 qnia
499 5759 580 5815 istam
596 5751 681 5816 habet
697 5775 857 5832 praeponere
870 5759 942 5816 [iens
957 5768 986 5815 et
1003 5769 1126 5816 statuere
1181 5775 1262 5814 ttrann
1278 5759 1475 5829 apprehensam
1494 5758 1522 5814 in
1537 5774 1615 5829 aquas
1633 5759 1766 5816 concham
1789 5756 1887 5825 dejeci,
1911 5771 1974 5826 qum

334 5844 364 5902 in
376 5854 526 5918 conspectu
543 5847 693 5904 tremende
712 5849 786 5905 sedis
808 5849 1060 5917 anteludicaturam
1078 5864 1128 5907 nos
1182 5859 1243 5905 evat
1257 5865 1340 5920 penes
1358 5849 1458 5905 atrium
1470 5849 1604 5917 ecclesie,
1621 5859 1648 5906 et
1673 5849 1781 5920 penitus
1799 5846 1876 5902 omiti
1889 5854 1973 5901 exuta

334 5948 361 5995 et
385 5941 563 6010 episcopatus
584 5923 702 5998 nostros.
726 5940 797 6011 Quid
822 5958 941 6016 namque
965 5942 1126 6010 estimatis,
1183 5939 1362 5996 deformitatis
1374 5939 1511 6012 squalore,
1528 5948 1555 5996 ct
1572 5941 1599 5996 in
1626 5939 1702 5994 mirae
1723 5935 1816 5992 liorem
1841 5935 1972 5993 novitatis

334 6040 453 6100 quantas
475 6030 617 6089 icteritia
638 6031 765 6092 cubiculo
784 6049 876 6091 moras
893 6033 968 6093 omrri
982 6033 1074 6091 studio
1095 6034 1130 6093 ad
1185 6028 1389 6101 transformata,
1408 6032 1470 6089 nite
1492 6030 1635 6090 candidior
1656 6028 1780 6087 ascertdit
1796 6028 1831 6087 de
1849 6028 1971 6099 iavacro,
