4584 6767
334 606 385 662 tot
984 601 1065 658 VITA
1084 601 1114 659 S.
1134 599 1376 660 WOLBODONlS·
1910 602 1963 658 {98

336 714 1963 752 azaram

663 804 840 1002 tran
876 885 1144 999 annom
1175 885 1650 1027 Woassoooms

947 1102 1150 1160 scomensis
1169 1103 1333 1171 aerscoer,
1389 1168 1391 1176 ,

693 1263 833 1319 Auctore
850 1258 996 1320 Reinsso
1020 1256 1179 1320 monacho
1193 1259 1225 1320 S.
1244 1258 1414 1321 Laurentii
1430 1259 1622 1324 Leodlonsis
1682 1221 1687 1228 ’

753 1420 807 1481 Ea
820 1420 939 1482 iacobo
956 1419 1158 1499 chapeavillo
1173 1428 1202 1481 et
1217 1412 1326 1500 Aprili
1343 1420 1567 1484 bollandiana.

564 1583 608 1654 (l).
638 1581 800 1647 decimam,
827 1583 892 1638 Aeto
918 1581 972 1639 SS.
1003 1582 1063 1637 ord.
1091 1579 1122 1636 S.
1152 1581 1251 1640 bened.
1280 1582 1350 1641 Saea.
1380 1584 1425 1652 Vl,
1451 1593 1521 1658 part.
1553 1603 1573 1653 r,
1592 1601 1620 1657 p.
1651 1587 1724 1658 l'll.)

694 1920 739 2015 J
786 1841 1591 2022 oasanvnnronosennmm.
1668 1827 1711 1974 s
1848 1999 1855 2007 ,
1943 1825 1946 1833 ’

361 2110 391 2168 l,
415 2104 495 2162 tiata
512 2086 752 2184 quideri'atrctores
767 2106 835 2161 beati
851 2105 1020 2162 Wolbodanis
1040 2107 1152 2176 episcopi
1170 2107 1319 2163 Leodimsr's
1342 2119 1414 2178 qesta
1433 2109 1536 2177 scriptis
1552 2110 1730 2174 mandarant,
1748 2123 1775 2168 at
1787 2096 1881 2169 nattas'
1895 2116 1960 2172 mibi

328 2185 432 2238 ridetur
447 2176 579 2298 αηιὶῆιιιον
592 2172 716 2237 lleinero,
731 2177 887 2230 manasterii
904 2174 1000 2230 Sancti
1018 2175 1161 2230 laurentii
1177 2175 1326 2232 Leodiensis
1340 2181 1484 2241 monoclno,
1497 2178 1541 2232 nbi
1555 2192 1662 2236 sanetas
1673 2181 1718 2237 ille
1731 2184 1897 2252 cirsepultrrs
1909 2197 1958 2244 est.
1983 2197 1986 2200 ·

330 2253 380 2307 liic
395 2256 486 2301 aretem
519 2244 631 2305 einerus,
641 2242 845 2313 quemanerius
858 2245 975 2298 Andreas
990 2245 1017 2297 in
1029 2246 1188 2300 bibliotheca
1199 2246 1508 2317 Belqlea‚Cbopeauillus
1522 2246 1661 2305 etVossirrs
1671 2254 1699 2306 in
1714 2252 1847 2308 historicis
1857 2253 1960 2311 Latinis

328 2320 482 2384 paistimaret
497 2314 568 2368 circa
582 2329 680 2367 onnam
696 2314 765 2367 tttd
778 2314 909 2383 placuisse,
921 2331 954 2368 ea
968 2317 1049 2368 uariis
1061 2317 1232 2382 scriptoribus
1246 2320 1292 2387 qui
1307 2319 1340 2370 rle
1359 2317 1436 2371 beato
1453 2317 1617 2373 Wclbotlonc
1629 2323 1788 2390 scripserant
1803 2325 1959 2391 opuseulum

328 2405 405 2445 essm
421 2383 568 2458 campeqr't,
596 2383 705 2451 ipsomet
727 2391 878 2446 attestante,
896 2395 923 2436 ut
937 2385 980 2450 pio
998 2384 1111 2450 fratrum
1125 2401 1233 2440 suorum
1255 2386 1387 2441 desiderio
1403 2388 1583 2454 [aceretsatis.
1600 2387 1696 2443 Verum
1720 2393 1827 2460 quinam
1850 2394 1902 2448 sint
1919 2393 1961 2447 illi

326 2468 462 2519 suctores,
476 2453 521 2521 qui
532 2461 594 2505 ante
608 2453 734 2520 scriptum
749 2452 781 2509 de
796 2469 828 2518 ea
845 2469 871 2506 re
885 2454 1055 2520 scripserant,
1072 2458 1124 2507 nan
1147 2454 1261 2519 indicat,
1276 2471 1323 2509 nce
1336 2456 1405 2509 alias
1418 2457 1533 2523 reperire
1544 2456 1630 2510 licuit.
1647 2458 1749 2527 Profert
1766 2462 1870 2531 quictem
1886 2461 1961 2517 llert·

327 2526 455 2582 sciremus
468 2522 536 2574 beati
559 2519 731 2575 Walbadanis
743 2521 856 2591 eloqinm
877 2538 909 2575 ea
920 2524 1028 2593 antiquo
1039 2522 1231 2593 llartpmloqio
1249 2525 1404 2579 rrrsnasterit'
1424 2524 1518 2580 Sancti
1532 2524 1671 2581 laurentii
1693 2530 1871 2598 desumptum,
1886 2533 1958 2600 quod

326 2599 375 2664 ipsi
402 2591 539 2661 antiquior
562 2588 773 2645 Reineraor'sum
796 2601 845 2644 est.
874 2593 916 2655 tc,
943 2607 1000 2644 turre
1016 2591 1081 2644 tribil
1097 2591 1221 2647 aliudsit
1242 2592 1518 2662 quamcampendium
1538 2610 1701 2666 eorumquae
1720 2598 1959 2669 alleinsrosusirrr

326 2670 501 2722 manantur,
515 2660 569 2714 sice
585 2657 694 2714 lleinero
703 2661 776 2727 prius
793 2671 839 2713 ant
858 2662 990 2728 posterius
1012 2661 1106 2729 luerit,
1122 2678 1216 2729 porram
1240 2663 1355 2717 interest.
1373 2662 1504 2718 Caeterum
1523 2676 1621 2734 prater
1634 2670 1703 2720 branc
1714 2679 1849 2723 auctorem
1867 2669 1978 2734 Ansel-,
2067 2686 2075 2693 ·

324 2752 386 2789 mss
402 2729 545 2785 canonicus
558 2728 709 2783 leodiensis
731 2739 755 2783 et
766 2729 892 2797 AEqidius
915 2729 1113 2784 Aurea-Vallis
1125 2733 1230 2784 ordinis
1244 2731 1426 2786 Cisterciensr‘s
1448 2735 1607 2798 arannclras,
1620 2735 1696 2803 plura
1711 2737 1743 2788 de
1755 2737 1829 2789 bento
1850 2736 1959 2791 Wolbo-

326 2807 397 2859 dores
416 2801 579 2866 scripserunt
598 2799 812 2851 sacaladeeimo
839 2801 933 2861 tertia,
956 2815 1014 2868 qua
1041 2798 1227 2866 libopeuoillus
1248 2810 1318 2854 tonna
1340 2804 1425 2868 prima
1447 2801 1582 2868 degestio
1598 2804 1760 2872 pontificum
1774 2803 1959 2862 Leodr'ensium

327 2890 390 2927 eum
404 2871 485 2926 soriis
505 2868 720 2923 adnotationibus
734 2869 858 2936 ruiqauit.
876 2869 908 2921 tr
923 2870 988 2921 satis
1004 2869 1086 2921 risum
1103 2878 1142 2922 est
1157 2870 1263 2924 cacteris
1285 2870 1389 2923 omissis
1402 2869 1508 2923 lisineri
1526 2886 1592 2926 ocus
1609 2874 1745 2943 prolerrep
1756 2889 1789 2927 es
1801 2891 1854 2944 qua
1869 2891 1960 2943 aenrps

325 2943 366 2996 ilii
382 2938 541 3010 posteriores
549 2937 693 3001 bouserunt
706 2954 736 2990 ea
745 2954 804 3000 quoe
818 2937 850 2990 ab
865 2939 929 3004 ipsis
943 2946 1114 2990 enarrantur.

362 3013 393 3065 2.
409 3009 497 3076 Ncqat
506 3007 583 3074 plane
598 3005 778 3060 llerrscbenius
801 3004 990 3059 Wolbadoncrn
1009 3006 1097 3060 ordini
1111 3004 1281 3062 Benedictinc
1296 3008 1480 3063 ascribentium
1495 3025 1562 3077 esse,
1578 3027 1608 3065 eo
1622 3012 1755 3080 precipue
1775 3014 1852 3067 uicus
1870 3029 1954 3082 arpa·

325 3090 426 3139 mento,
442 3078 511 3146 quod
528 3076 555 3127 in
576 3073 635 3127 Vita
650 3092 666 3128 a
679 3074 789 3129 lieinera
806 3076 889 3141 edita,
911 3074 1039 3129 Walbaclo
1053 3092 1069 3128 a
1084 3093 1165 3141 puero
1177 3079 1321 3136 canonicus
1333 3077 1458 3132 Ecclesia
1481 3077 1665 3147 Ultrajeetinca
1687 3081 1793 3134 dicatur
1809 3079 1904 3150 fuisse,
1921 3098 1953 3137 ac

325 3150 434 3202 dearum
451 3155 507 3213 post
519 3143 611 3197 ocrim
629 3145 771 3211 diqnitutes
794 3146 822 3199 in
844 3161 874 3197 ea
897 3143 1015 3217 Ecclesia
1031 3145 1241 3210 administratas,
1255 3146 1392 3201 Leadiensi
1407 3147 1530 3202 Ecclesia
1555 3151 1703 3219 antefactus.
1716 3149 1888 3205 stabulenses
1904 3162 1950 3205 ta·

329 3235 391 3270 scen
406 3213 531 3270 mornacii
549 3228 611 3271 ¹eum
624 3215 673 3267 ribi
697 3215 832 3268 uindicare
847 3225 994 3278 eorruntar;
1006 3223 1029 3267 et
1044 3215 1148 3283 quidem
1162 3231 1221 3270 eum
1243 3219 1401 3271 monoebunr
1415 3216 1496 3284 [uisse
1509 3219 1650 3285 scriptores
1670 3237 1696 3271 aa
1706 3221 1726 3271 ti
1746 3221 1773 3273 ui
1790 3222 1868 3275 simul
1882 3231 1905 3274 et
1918 3237 1961 3274 rs-

325 3287 469 3347 eentiores,
495 3292 549 3335 tam
571 3281 747 3346 Berrcdictini,
761 3300 841 3353 quant
854 3284 939 3336 exteri
958 3282 1078 3336 unanimi
1090 3300 1218 3338 consensu
1233 3286 1365 3352 latentur,
1386 3289 1457 3354 quod
1469 3289 1576 3340 disertis
1591 3289 1675 3341 uerbis
1697 3237 1809 3358 astrueret
1830 3290 1956 3359 AEqidius
1972 3281 1977 3298 ¹

325 3351 524 3410 taseatattia
537 3349 717 3406 cisterciensis
741 3351 895 3415 manaclms,
910 3353 955 3422 qui
969 3353 1075 3404 irecame
1089 3352 1186 3406 sacculo
1201 3354 1303 3408 decinro
1327 3355 1404 3408 tertia
1419 3357 1520 3423 placeat.
1533 3354 1597 3410 Post
1613 3358 1766 3424 decessum,
1781 3358 1876 3428 inquit,
1897 3356 1959 3413 Bal·

292 3478 300 3491 ,
326 3427 398 3479 arici
424 3421 564 3492 episcopi,
590 3420 820 3489 qrradrugesimus
849 3431 963 3475 octovas
992 3420 1153 3476 Leodiensis
1178 3426 1334 3491 opiscopus,
1353 3426 1505 3479 orariaolras
1529 3425 1695 3493 religiosas,
1716 3428 1957 3496 magnumuirtntis

325 3496 391 3558 vir,
420 3500 449 3546 ct
472 3490 644 3560 imperatoris
674 3490 782 3544 Henrioi
806 3492 987 3556 capellanus,
1011 3492 1108 3545 bactrus
1126 3492 1233 3545 scilicet
1263 3493 1395 3549 Wolbodo
1422 3496 1564 3549 antecessit.
1595 3495 1722 3550 Eamdern
1746 3498 1959 3552 sententiamse-

390 3577 436 3615 ιιι
452 3560 534 3629 [sum
555 3557 755 3614 inmonasterio
779 3557 871 3613 Sancti
892 3560 1029 3614 Laurentii
1059 3558 1214 3614 leodiensis
1235 3574 1303 3628 patet
1329 3579 1362 3616 ea
1386 3562 1506 3617 barbaris
1529 3565 1667 3630 uersibus,
1692 3567 1739 3632 qui
1767 3569 1815 3620 sab
1844 3566 1958 3621 ilenrico

323 3631 373 3757 ἐκ
388 3628 443 3696 tt,
461 3628 580 3701 ejusdcm
606 3628 658 3683 loci
685 3629 788 3692 abbate,
812 3630 877 3683 editi
903 3638 977 3696 sarit,
999 3643 1110 3698 qnorum
1139 3630 1239 3700 aliquot
1267 3632 1319 3685 lrue
1337 3631 1436 3700 reterre
1460 3635 1596 3686 circumest
1621 3632 1777 3689 cadolane
1799 3647 1823 3691 et
1839 3635 1959 3701 trapea-

373 3714 407 3757 ot
1195 3739 1198 3744 ,

686 3790 777 3858 Stirpe
795 3789 914 3855 decens,
934 3790 1034 3846 rirtrrte
1050 3790 1157 3859 nitens,
1178 3790 1312 3848 Wolbodo
1332 3800 1452 3858 notatur,
1618 3794 1621 3800 '
1980 3799 1986 3838 t

683 3860 848 3929 Propositus
867 3859 971 3929 padam
992 3860 1239 3933 Traiecti,rector
1258 3872 1286 3917 et
1303 3864 1393 3928 idem,

679 3930 719 3985 0lr
740 3931 861 3984 caelibem
882 3939 999 3996 statum,
1020 3939 1081 4000 post
1101 3933 1158 3986 lnaeo
1176 3932 1279 4003 recepit
1298 3934 1501 3988 unionuclratum.

325 4027 390 4090 Non
409 4024 525 4090 relerunt
547 4023 585 4078 illi
604 4031 736 4087 auctores,
754 4037 805 4091 quo
825 4021 852 4075 in
871 4021 928 4075 loca
945 4023 1004 4090 pins
1021 4024 1129 4078 aretistes
1147 4025 1320 4080 monasticam
1340 4035 1434 4081 uestem
1451 4026 1605 4095 susceperit,
1622 4028 1669 4080 secl
1688 4027 1770 4082 alium
1788 4035 1958 4101 quarendum

324 4113 378 4152 uon
389 4111 445 4149 csse
459 4094 660 4148 existimauerim
672 4103 766 4160 practer
776 4089 864 4158 ipsam
882 4090 1026 4146 Ecclesiam
1044 4091 1246 4161 Trajeetensem.
1270 4096 1297 4148 in
1309 4112 1361 4163 qrm
1376 4096 1516 4162 Wolbotla,
1532 4108 1595 4150 teste
1611 4096 1668 4164 ipso
1681 4095 1803 4162 lieinera,
1821 4102 1958 4157 instram

323 4168 390 4236 [uit.
413 4163 466 4217 lbi·
477 4163 546 4216 enim
560 4161 664 4232 lleqala
678 4160 856 4213 Bennettcrtna
878 4163 1096 4230 obsecrationem,
1115 4179 1194 4233 quant
1218 4166 1244 4217 in
1265 4181 1295 4217 ea
1316 4176 1424 4219 sanctus
1439 4164 1626 4220 Willabrordus
1649 4169 1827 4232 constituerat,
1848 4175 1959 4239 ripariae
2005 4201 2008 4207 ·

323 4238 405 4300 etium
423 4243 485 4287 tunc
500 4233 652 4300 plusquam
668 4230 810 4284 uerisimile
823 4239 871 4285 est.
886 4229 942 4283 Nec
957 4233 1058 4284 obstare
1075 4233 1148 4286 debet
1159 4234 1229 4300 quari
1246 4232 1435 4288 Wallradoncm
1454 4236 1581 4289 lleinerur
1596 4234 1756 4289 cononicam
1772 4241 1958 4304 appellcnerr't:

324 4322 356 4359 eo
374 4307 445 4360 enim
469 4303 571 4355 rranrine
593 4297 733 4355 nranucbos
756 4297 837 4365 scrisse
863 4299 984 4364 densatas,
1005 4302 1050 4369 qai
1074 4303 1103 4353 in
1121 4302 1236 4355 ecelesiis
1265 4303 1460 4357 cotlreelralibus
1480 4305 1596 4357 institui
1616 4312 1702 4366 erant,
1722 4306 1812 4359 multis
1833 4310 1958 4377 eremp'is

325 4373 431 4428 ostendi
453 4381 550 4440 posset.
571 4370 641 4436 Quin
658 4379 682 4424 et
716 4369 797 4421 rinrns
812 4378 905 4420 auctor
917 4368 1088 4424 Wolbadanis
1109 4370 1198 4440 eloqii,
1216 4387 1291 4439 quem
1311 4373 1372 4425 truie
1385 4383 1476 4426 sarrcto
1499 4372 1674 4442 sqrrclrranrrm
1693 4374 1776 4439 [uisse
1795 4380 1956 4445 suspicatur,
2048 4378 2050 4383 ⁴

324 4457 353 4496 ru
366 4459 431 4496 maa
441 4440 603 4505 dicebamus,
617 4441 671 4509 ipse
689 4385 879 4499 llensctrentns,
895 4439 1015 4491 conarrici
1029 4455 1133 4504 ttamen,
1164 4442 1215 4492 uod
1228 4441 1349 4506 fortassis
1364 4440 1501 4507 Heinsius,
1514 4443 1647 4509 praeterita
1659 4458 1716 4496 cum
1726 4443 1777 4498 sibi
1786 4447 1971 4509 praesentibus

324 4511 489 4581 temporibus
511 4511 620 4564 metiens
640 4508 772 4570 adtribuit,
789 4522 839 4559 non
853 4507 929 4560 babet
936 4525 947 4572 ;
969 4509 1015 4562 sed
1030 4511 1124 4563 asserit
1172 4510 1325 4564 albadorrem
1346 4512 1396 4566 snlr
1416 4511 1549 4580 religiosis
1563 4509 1691 4566 l'ntrilms
1712 4513 1741 4566 in
1763 4513 1957 4570 ecclesiasticis

323 4580 485 4636 claaustralis
499 4581 560 4634 nitio
573 4577 723 4634 adolevisse
737 4575 897 4645 disciplinis.
912 4577 986 4631 lciem
1001 4579 1080 4644 paulo
1093 4579 1205 4649 inferius
1218 4580 1308 4633 scribit
1322 4581 1406 4634 uirum
1421 4592 1552 4646 sanctum,
1577 4581 1688 4634 inritum
1703 4582 1839 4637 aclaustri
1866 4585 1957 4652 qcriete

324 4654 474 4704 alrrlncmrn
491 4650 523 4702 ab
539 4651 694 4717 imperatore
708 4645 798 4724 [ruisse.
811 4661 891 4714 quern
913 4662 1006 4703 secam
1027 4648 1053 4702 in
1068 4647 1171 4716 capelle
1191 4649 1348 4718 aliquandiu
1369 4652 1532 4706 cararnrorori
1554 4651 1647 4704 voluit.
1666 4650 1731 4717 Qua
1746 4654 1833 4706 arnoia
1846 4654 1958 4723 probare
1988 4661 2002 4689 ·'

324 4723 450 4775 ridentur
465 4715 653 4778 Wolbodanem
667 4718 817 4770 nrauastrcis
832 4717 959 4770 institutis
972 4719 1053 4784 luisse
1066 4719 1212 4772 addictum.
1853 4755 1859 4768 ,
2029 4771 2032 4775 ,

360 4793 390 4846 3.
413 4790 602 4848 Walbotlonem
625 4801 696 4840 aurio
717 4783 814 4837 Glrristi
827 4785 921 4838 {bile
939 4789 1005 4841 uiuis
1019 4789 1160 4843 excessisse
1183 4789 1347 4863 consentiunt
1365 4790 1419 4860 [ere
1444 4806 1533 4844 onunes
1557 4799 1685 4852 auctores,
1705 4809 1758 4861 qua
1778 4791 1813 4847 de
1831 4810 1858 4846 re
1882 4792 1956 4847 nulla

327 4864 434 4915 ridetur
452 4878 507 4916 erae
531 4857 682 4928 difficrrltas.
701 4853 767 4907 Pari
781 4869 907 4908 consensu
926 4857 961 4909 ad
974 4858 1042 4911 diem
1058 4858 1089 4911 ii
1107 4858 1206 4927 Aprilis
1224 4860 1282 4928 ejus
1299 4860 1600 4928 obitumconriqnarunt
1613 4878 1621 4914 :
1634 4870 1660 4912 at
1676 4861 1808 4916 contendit
1824 4862 1956 4916 llensebe·
1993 4869 1998 4876 '

325 4933 396 4992 rrius,
414 4945 509 4985 sereres
525 4937 644 4981 auctores
655 4921 825 4979 Wolbadonis
835 4926 1021 4993 depositionem
1037 4927 1064 4979 in
1077 4927 1185 4983 ecelesia
1197 4926 1288 4982 Sancti
1302 4927 1449 4994 Lorrrentii,
1462 4945 1514 4983 nan
1526 4944 1583 4982 rero
1594 4929 1650 4998 ejus
1661 4930 1769 4995 obitum,
1782 4947 1857 5000 quem
1870 4932 1956 4994 arietis

324 5000 469 5069 comtiqisse
475 5005 560 5070 putot,
568 4997 603 5049 acl
614 4995 646 5048 tt
659 4993 757 5062 Aprilis
765 4993 892 5056 retulisse,
903 4999 971 5062 quod
984 5013 1035 5050 non
1044 4998 1107 5050 satis
1128 4997 1290 5051 attendentes
1308 5000 1353 5070 qrri
1370 5007 1459 5064 postea
1479 4999 1560 5051 secuti
1577 5010 1634 5051 sant
1645 5000 1785 5067 scriptores
1797 5001 1956 5069 llartpralo·

324 5073 443 5141 piarum
465 5070 583 5139 ep'crsdem
599 5067 682 5119 sancti
707 5063 762 5122 uiri
777 5062 876 5115 obitum
890 5065 942 5117 diei
960 5065 991 5120 21
1007 5066 1155 5134 illiqarunt.
1177 5067 1327 5135 liquidem
1348 5069 1372 5122 si
1391 5084 1460 5122 anrra
1477 5067 1540 5120 tort
1557 5066 1684 5120 bl'oloada
1699 5072 1836 5123 excesserit
1857 5086 1870 5123 e
1890 5070 1954 5132 ritu,
2004 5125 2008 5139 ,

325 5156 387 5193 cnm
412 5140 690 5208 leriaqninta,praut
709 5132 760 5185 sibi
786 5144 913 5185 arancto
933 5132 1075 5189 laurentio
1099 5138 1257 5204 promissam
1285 5138 1387 5206 lecerat,
1411 5153 1481 5191 nrars
1505 5137 1562 5206 ep'us
1589 5137 1742 5205 corrtiqerit,
1766 5138 1891 5190 dicendus
1917 5147 1955 5189 est

326 5211 422 5261 aluisse
432 5212 474 5261 die
484 5213 518 5262 :ld
532 5224 541 5271 ,·
554 5222 614 5257 nam
628 5205 684 5256 brac
697 5203 751 5254 dies
766 5215 835 5254 anno
848 5202 912 5255 1021
926 5203 1054 5258 incidebat
1070 5205 1096 5256 in
1111 5205 1204 5272 [eriam
1217 5206 1333 5275 quintam
1348 5206 1493 5260 llorninicas
1509 5207 1630 5258 secundat
1642 5216 1698 5273 post
1711 5207 1823 5258 Pascbo.
1848 5204 1954 5267 Veram,
1978 5269 1980 5274 A

325 5282 347 5329 si
371 5279 440 5328 beati
459 5277 584 5331 arctistitis
604 5275 689 5326 obitus
710 5273 744 5324 od
766 5285 865 5323 oncrum
879 5272 996 5336 tornac
1018 5275 1174 5343 quibusdum
1194 5276 1289 5342 placet,
1317 5285 1467 5341 reuocetur,
1495 5286 1555 5327 tunc
1572 5274 1638 5338 [cria
1660 5275 1751 5342 quinta
1769 5271 1954 5340 postl’osclm,

326 5349 383 5398 dies
403 5346 500 5399 scilieet
525 5346 648 5413 ciqesima
672 5341 759 5411 prima
777 5340 890 5406 Aprilis,
912 5354 1027 5396 ectrenm
1051 5344 1108 5411 ejus
1126 5345 1181 5397 dies
1205 5345 1287 5410 [uisse
1311 5345 1421 5398 dicenda
1446 5355 1494 5409 est,
1515 5342 1584 5411 quad
1597 5340 1700 5394 llcinerr'
1719 5342 1866 5395 narrationi
1890 5343 1954 5394 satir

326 5431 471 5482 corrqruere
486 5418 598 5469 uidetur.
617 5410 785 5475 tutamenta
799 5411 904 5477 ipsemet
917 5410 1053 5475 lleinerns,
1070 5412 1217 5468 liberatricem
1229 5412 1371 5469 leodiense
1390 5414 1536 5480 antiquum,
1549 5411 1664 5479 ejusdem
1683 5412 1754 5463 urbis
1777 5414 1955 5480 episcoporem

326 5486 454 5554 caraloqi,
469 5485 607 5551 caeterique
627 5496 714 5534 onrner
730 5482 888 5550 arrtiquiores
898 5483 1036 5550 scriptores
1049 5490 1199 5536 constanter
1207 5480 1379 5536 Wolbodonis
1393 5484 1490 5535 obitum
1510 5495 1579 5534 anno
1594 5478 1658 5533 1021
1673 5481 1812 5550 contiqirss
1824 5492 1953 5547 asserant,

328 5552 488 5607 llensclrenii
502 5552 655 5607 sententiam
667 5550 791 5619 prolerre
805 5550 888 5603 uisum
902 5558 951 5604 ert.
1265 5568 1269 5574 ’
1360 5593 1363 5599 .
1437 5589 1439 5592 >

318 5638 321 5645 ·
364 5622 393 5678 t.
417 5622 589 5676 Wolbodaais
606 5623 757 5673 nrerrrariam
778 5621 804 5672 in
817 5618 1014 5690 blartqroloqiis
1028 5621 1141 5689 arreptius
1167 5624 1273 5692 triqinta
1290 5631 1405 5677 notatam
1425 5620 1522 5674 uidisse
1536 5634 1563 5673 se
1580 5629 1691 5674 testatur
1702 5620 1819 5674 loannes
1832 5617 1954 5672 llalunus

328 5692 358 5745 in
377 5692 519 5746 dotalibus
538 5699 689 5743 sanctorum
699 5688 796 5759 lielqii,
810 5689 853 5742 ubi
869 5692 926 5759 ejas
939 5691 1012 5746 breue
1026 5694 1139 5760 elaqium
1158 5693 1248 5762 relect,
1264 5708 1323 5744 cum
1342 5691 1456 5744 uersibus
1474 5707 1488 5742 a
1505 5690 1577 5743 nobis
1592 5706 1676 5758 snpra
1688 5690 1812 5742 laudatis.
1828 5687 1954 5754 Ejrrsdem

329 5761 446 5814 meminit
468 5763 496 5814 ia
513 5759 726 5830 pasristretptcts.
753 5757 828 5812 llnde
846 5761 941 5812 mirum
961 5772 1066 5816 nonest
1085 5763 1168 5832 siqui
1186 5772 1274 5828 pastea
1294 5761 1482 5829 blartrproloqio
1505 5761 1693 5828 conscripsere,
1710 5758 1842 5809 Arnaldur
1864 5755 1962 5816 Wion,

329 5829 409 5899 llrrqa
424 5831 579 5894 liettardus,
591 5829 752 5900 llorqanius,
765 5826 919 5893 Rucelinus,
933 5828 1075 5884 Ferrarius
1089 5831 1116 5885 in
1130 5834 1249 5899 cntalaqo
1259 5834 1373 5913 qcncrnli
1386 5840 1549 5893 sarrctarum,
1561 5827 1667 5895 aliique,
1679 5827 1848 5881 Wolboulonis
1861 5839 1955 5890 mannen
2053 5886 2058 5890 ⁴

327 5901 384 5953 uris
398 5900 474 5965 fastis
490 5899 668 5968 ascripserint.
681 5899 718 5953 lis
731 5913 761 5952 ea
775 5899 833 5966 lure
846 5899 899 5967 aqit
913 5898 1034 5968 bieperus
1047 5902 1074 5953 in
1085 5900 1230 5955 diemalibus
1244 5900 1379 5957 llnmlria
1390 5900 1425 5952 acl
1437 5915 1536 5952 auruum
1547 5897 1624 5951 ¹020.
1640 5896 1800 5960 Placentiae,
1812 5892 1955 5947 liartbcla·

328 5984 413 6022 mass
425 5966 540 6023 Fisenus
559 5971 586 6022 in
599 5966 727 6023 b'loribns
747 5968 874 6022 lc'cclesia
890 5966 1054 6035 leodiensis,
1077 5971 1225 6042 similesque
1243 5981 1374 6033 oructares,
1394 5984 1458 6039 qnos
1479 5983 1611 6024 recensere
1634 5979 1854 6031 superuacaneum
1876 5942 1962 6034 [oret.¹

326 6038 364 6091 tc
379 6038 499 6094 amittere
517 6037 641 6096 nonlicet
655 6041 787 6112 epreqium
806 6039 994 6116 testimonium,
1010 6040 1079 6111 quod
1089 6039 1231 6095 lioldricus
1246 6039 1428 6095 Nouiarrrensir
1439 6038 1583 6110 episeopus,
1598 6036 1639 6090 uir
1649 6035 1735 6104 qraris
1754 6049 1786 6089 ae
1797 6028 1955 6094 wolbodoni

505 6125 506 6129 ,
679 6132 684 6137 ,
1527 6123 1535 6144 ⁴
1663 6127 1666 6131 ,
