4584 6767
258 594 394 652 'b'f

879 591 1020 649 ubtbrttt
1038 592 1069 650 S.
1085 589 1273 650 trudberti
1292 589 1395 647 babo.
1410 587 1562 646 ffONdlel
1956 581 2008 649 ω’

356 707 498 777 strepitis?
509 721 544 762 an
562 716 592 762 ut
606 707 800 778 imperatorum
816 718 951 779 praecepta
967 709 1102 765 uiolentur
1117 718 1146 764 et
1161 716 1185 771 Α
1200 708 1327 762 thronum
1342 705 1453 760 sedebat
1466 705 1665 774 sapphirinum,
1679 706 1794 776 sinuque
1808 708 1918 763 tmebat
1934 724 1992 765 saraa

356 801 413 858 siut
433 800 565 869 impunita
587 798 741 854 accierat»
762 798 795 854 Et
815 800 994 877 aeclarttatum
1018 808 1074 864 est;
1098 799 1147 854 sul
1198 797 1306 851 deitatis
1326 807 1354 850 et
1377 797 1470 866 glorias
1496 797 1569 849 illum
1585 797 1846 852 consubstant'aicut
1862 798 1995 869 dirigent-2

357 906 438 951 bento
449 889 554 960 legibus
565 891 654 945 sacris
664 904 760 946 tuanus
772 892 948 947 aestimaverit
958 892 1144 961 objectandas.
1199 901 1266 952 tum,
1281 888 1327 956 qui
1345 888 1432 955 [acras
1447 897 1485 940 ert
1502 888 1623 941 olentem
1639 904 1720 958 usque
1733 889 1768 943 od
1784 899 1905 958 utentem,
1920 906 1993 946 uror·

358 982 456 1039 Sensit
467 982 637 1038 dominorum
650 981 778 1050 majestas
790 979 832 1035 rel
846 982 1004 1036 sacrificare
1015 980 1146 1050 siugrrlos,
1198 988 1249 1031 tem
1260 988 1349 1030 nutem
1359 977 1447 1029 crucia
1457 974 1570 1045 (Plrifip.
1582 978 1623 1047 ιι).
1638 978 1724 1045 Quem
1735 980 1817 1035 etiam
1831 980 1909 1049 fratri
1922 998 1993 1052 prae-

356 1072 400 1125 rel
416 1071 524 1142 capitali
540 1070 681 1136 subiacere
694 1070 853 1135 sententian
867 1086 920 1126 non
939 1070 1075 1126 saerifrcat
1090 1072 1149 1125 trae
1199 1066 1326 1122 tendebat
1340 1066 1367 1120 iu
1392 1080 1474 1119 cruce
1498 1067 1662 1133 pendentem
1691 1066 1773 1122 ueluti
1801 1068 1990 1138 admonendo,

357 1163 463 1235 puella;
487 1176 606 1233 poeuanr,
622 1176 682 1231 quae
697 1160 808 1216 decreto
830 1162 997 1227 continetur,
1017 1163 1149 1231 excipiat.
1198 1156 1272 1226 quali
1287 1168 1442 1225 quantoque
1459 1171 1509 1226 pro
1530 1157 1719 1227 peccatoribus
1734 1173 1787 1214 non
1808 1162 1992 1230 pepercisset.

358 1253 493 1321 Quidnam
518 1250 634 1308 dirersis
658 1252 840 1317 eruciatibus,
867 1252 996 1321 quidnam
1024 1251 1146 1307 dolorum
1198 1246 1257 1314 Quo
1279 1245 1387 1310 affectu,
1411 1262 1429 1302 o
1451 1247 1552 1311 aalma,
1577 1248 1675 1317 quibus
1696 1250 1829 1319 explicem
1846 1251 1949 1317 verbis,
1972 1269 1992 1309 o

359 1343 504 1415 generibus
522 1340 667 1411 exquisitis
687 1341 1035 1423 perurgeturifnterflcere
1054 1342 1148 1412 jusum
1198 1336 1300 1406 ftnpua,
1325 1336 1460 1406 quomodo
1476 1339 1598 1405 paternis
1622 1339 1698 1393 illum
1721 1341 1884 1410 astringeret
1907 1352 1992 1415 atque

262 1443 266 1448 ·
358 1447 401 1498 es,
423 1447 476 1488 uon
496 1429 640 1488 lacerando
656 1445 834 1495 eortsrrmerc;
856 1429 1006 1496 ltorrriueua,
1021 1445 1074 1485 non
1100 1428 1148 1500 Ιιι-7
1197 1425 1409 1495 amplecteretur
1432 1425 1525 1481 ulnis?
1548 1427 1666 1496 Spiritus
1690 1442 1798 1498 quoque
1814 1442 1936 1491 sanetus
1962 1436 1991 1492 ira

358 1524 438 1581 stiam
456 1522 539 1593 judex
559 1508 742 1578 serationalis
754 1519 833 1575 debet
846 1534 1005 1590 agnoscere.
1199 1516 1290 1585 specie
1321 1515 1461 1571 visebatur
1487 1515 1619 1571 columbae
1650 1517 1988 1591 incomprehensibiliter,

395 1613 463 1668 lium
482 1627 547 1684 erpo
564 1610 650 1667 tridui
668 1610 835 1680 postularent
859 1608 981 1664 inducias
999 1608 1106 1678 uirgini,
1123 1600 1148 1664 si
1199 1606 1398 1663 irreffabilitera
1412 1606 1492 1663 Patre
1503 1609 1654 1684 procedens
1665 1617 1693 1665 el
1706 1611 1785 1667 etilo.
1797 1613 1866 1681 Quin
1881 1624 1909 1672 et
1925 1618 1993 1673 titu-

358 1700 429 1759 forte
444 1703 478 1757 ab
501 1701 650 1757 intentione
671 1701 803 1771 potuisset
827 1701 961 1766 reuocari,
978 1712 1078 1767 praeses
1100 1714 1148 1752 an·
1198 1697 1240 1752 lus
1255 1698 1377 1753 candidis
1391 1709 1451 1753 erat
1465 1699 1566 1756 fitteris
1580 1709 1662 1755 tante
1681 1702 1818 1773 majestati
1836 1688 1989 1776 superscri-

358 1790 979 1861 ttuerts:‹fio,ait,quodpetitis,spatium.
998 1792 1051 1845 Vos
1071 1790 1147 1844 blan·
1198 1800 1260 1860 ptus
1281 1787 1364 1859 :Epo
1391 1806 1448 1844 ιιιιιι
1463 1789 1534 1845 Deras
1551 1792 1781 1859 dorabecqffeua
1802 1793 1890 1864 farrae,
1919 1798 1990 1856 fiere

289 1948 296 1960 .
358 1886 432 1941 ditiis
451 1883 533 1952 agite,
549 1880 622 1952 quod
645 1879 795 1934 terroribus
817 1893 868 1949 ego
889 1894 943 1936 nou
964 1881 1049 1948 potui.
1069 1900 1078 1933 ι
1102 1881 1149 1936 dit
1197 1881 1281 1937 iocor
1294 1881 1403 1951 (Murri.
1419 1882 1537 1951 astulfu
1552 1886 1826 1953 quamscilieetdrtm
1840 1891 1990 1959 praedictus

357 1992 423 2033 uero
446 1977 478 2030 ad
494 1974 610 2044 puellam
633 1990 641 2027 ι
663 1990 673 2024 ι
694 1971 722 2026 Si
741 1973 840 2042 petitas
855 1973 993 2042 acceperis
1012 1972 1145 2040 torturus,
1199 1970 1284 2027 frater
1301 1972 1550 2029 desiderantissime
1569 1976 1714 2046 aspiceret,
1729 1982 1892 2036 occurrebat
1915 1986 1993 2055 cogi·

357 2068 514 2123 sacrificare
532 2065 699 2123 consentias.
715 2081 725 2117 t
742 2063 856 2118 Atilia:
878 2082 887 2116 ι
905 2063 981 2131 Quoi
1001 2065 1144 2134 optimum,
1164 2043 1185 2103 Β
1201 2065 1308 2133 rationi,
1320 2074 1420 2135 quanta
1434 2066 1531 2122 arrianae
1544 2067 1685 2133 uiuacitas,
1698 2079 1798 2139 quanta
1813 2071 1905 2128 carnis
1917 2085 1992 2131 essct

358 2158 455 2228 inquit,
472 2164 514 2211 est
529 2165 621 2221 teneo,
636 2167 722 2225 neque
741 2152 874 2219 inducias,
896 2168 982 2223 neque
1003 2155 1148 2209 lruurauarn
1201 2157 1328 2213 bruniana
1355 2157 1499 2229 fragilitas.
1524 2159 1689 2231 tueturque
1713 2176 1795 2216 unum
1825 2164 1949 2233 protinus
1974 2180 1991 2223 e

358 2248 712 2320 requiroindulqentiam.»
731 2245 920 2302 irascamur
939 2262 947 2300 a
966 2264 975 2299 r
995 2246 1034 2301 lio
1057 2255 1148 2302 tamea
1199 2249 1303 2303 satietis
1329 2249 1536 2318 respondentem
1558 2264 1566 2304 ι
1591 2248 1653 2319 fpre
1674 2249 1735 2319 fecit
1753 2243 1801 2306 t‘ror
1822 2262 1846 2306 et
1866 2270 1919 2309 nou
1939 2256 1990 2325 ipsi

356 2343 486 2412 spatium.
502 2340 533 2397 Si
552 2351 578 2397 te
592 2339 619 2396 in
635 2340 686 2396 bae
701 2338 829 2410 deinceps
850 2340 980 2405 inuenero
995 2342 1148 2397 contumaci
1199 2355 1246 2393 nor
1262 2338 1349 2410 (Paci.
1366 2341 1452 2410 acm).

355 2431 538 2503 professione,
563 2429 660 2492 acerba
685 2429 782 2485 feriam
808 2429 1002 2501 suppliciorum
1026 2432 1150 2487 animad-
1235 2429 1301 2486 bein
1323 2447 1385 2486 cum
1403 2431 1532 2500 coeptaset
1551 2431 1677 2489 deorsum
1698 2435 1850 2502 ituendere,
1866 2438 1991 2493 animac-

355 2525 492 2580 versione.
510 2541 520 2576 ι
538 2523 603 2591 Quae
618 2523 657 2578 ait
671 2540 701 2576 :r
718 2523 773 2576 inm
798 2528 825 2577 te
845 2520 989 2592 plurimum
1015 2522 1149 2590 obtestor,
1198 2522 1280 2577 uertit
1296 2531 1395 2577 terram
1410 2523 1523 2579 inferius
1534 2523 1675 2592 iacentum
1689 2527 1723 2582 ad
1736 2530 1861 2585 alberea
1873 2532 1996 2590 immert-¹

354 2615 459 2686 optime
472 2628 585 2685 praeses,
598 2615 621 2669 si
634 2628 687 2683 qua
704 2626 771 2669 mere
784 2628 848 2668 cura
863 2612 986 2667 utilitatis
1002 2621 1029 2666 tc
1045 2622 1148 2681 mouet,
1199 2610 1289 2666 sitatis
1316 2615 1550 2684 comparationem
1577 2614 1654 2683 quasi
1679 2615 1760 2672 breve
1785 2632 1818 2673 ac
1842 2619 1991 2676 retundunt

354 2719 386 2763 ut
412 2707 562 2763 Tertullum
587 2704 726 2763 dominum
752 2720 841 2759 meum
867 2704 901 2757 ab
924 2704 975 2760 bae
998 2703 1148 2760 immunem
1201 2700 1322 2758 fonrtaeis
1346 2718 1465 2772 crispus,
1488 2705 1562 2776 quod
1583 2706 1701 2776 undique
1723 2721 1842 2764 oceanus
1864 2709 1988 2766 allueret.

356 2799 434 2871 eulpa
453 2799 563 2864 lrabeas,
589 2806 689 2866 tuaque
709 2796 872 2851 auctoritate
888 2793 1013 2850 absolvas
1032 2787 1147 2863 iudicio,
1199 2790 1455 2864 Quouifcuiantsibi
1470 2795 1990 2869 videbaturperspicuum,quodbeatus

292 2908 294 2912 ¹
355 2892 418 2963 quia
437 2890 463 2946 in
479 2879 647 2960 professione
663 2888 714 2943 ista
737 2885 804 2941 nibil
826 2897 900 2943 certe
913 2895 1041 2957 operatus
1064 2879 1145 2942 esi.»
1198 2879 1361 2936 Benedictus
1375 2884 1456 2938 corde
1481 2883 1508 2937 in
1533 2886 1617 2939 boum
1639 2888 1768 2943 dilatatus
1790 2903 1898 2946 omnem
1925 2901 1989 2947 ante

353 2981 458 3038 eraso
480 2980 549 3035 dixit
572 2995 580 3033 ι
606 2997 615 3030 ι
632 2976 697 3032 fam⁴
710 2976 790 3042 liber,
801 2975 857 3055 jaut
873 2976 1013 3032 absolutus
1033 2990 1085 3033 est.
1108 2976 1147 3031 Tu
1199 2986 1228 3027 se
1244 2970 1402 3039 adridetuut,
1417 2983 1446 3031 el
1459 2976 1531 3031 refut
1545 2978 1596 3033 sub
1610 2993 1664 3033 uno
1679 2979 1744 3036 solis
1759 2980 1834 3037 radio
1845 2981 1990 3041 collectum

245 3125 249 3134 ,
353 3087 436 3145 porro
449 3073 472 3127 si
491 3072 526 3126 ad
549 3071 613 3126 deos
625 3068 730 3137 naeliori
748 3077 774 3122 te
791 3066 904 3122 consilio
922 3068 1106 3134 transtuleris,
1121 3078 1149 3125 ct
1199 3064 1298 3121 vidisse
1319 3067 1459 3147 mundum,
1480 3068 1588 3140 legitur.
1605 3068 1634 3124 lu
1650 3086 1680 3127 se
1702 3081 1793 3129 autern
1815 3088 1941 3132 reversus
1955 3078 1990 3134 de

354 3164 435 3236 dique
461 3161 691 3226 remuneraberis,
709 3168 735 3215 et
752 3158 876 3214 libertate
892 3158 1046 3217 donaberis.
1067 3177 1076 3212 ι
1095 3159 1149 3215 lic·
1198 3169 1252 3234 quo
1265 3155 1367 3212 lumine
1386 3158 1412 3213 iu
1428 3162 1499 3230 quod
1522 3162 1680 3231 obscurum,
1694 3165 1727 3220 de
1746 3181 1800 3236 qua
1816 3166 1946 3226 felicitate
1960 3172 1987 3228 iu

353 3256 465 3327 sporrdit
488 3252 592 3309 llario:
611 3270 620 3303 ι
636 3250 802 3307 Libertatem
816 3265 831 3305 a
846 3249 956 3307 Christo
974 3247 1030 3319 lam
1049 3249 1146 3317 merui,
1197 3261 1280 3318 quam
1296 3250 1443 3306 recedisset
1458 3251 1649 3319 calamitatem,
1665 3257 1805 3312 moereodo
1821 3259 1986 3319 revolvebat.

354 3358 384 3403 ut
404 3346 514 3404 demitis
527 3346 601 3402 ritiis
618 3354 645 3402 et
669 3344 786 3400 falsitate
805 3341 907 3400 calcata
924 3342 1045 3398 studeam
1062 3344 1181 3433 virtu-c
1198 3338 1257 3396 urta
1269 3341 1384 3397 forsitan
1400 3345 1445 3413 qui
1464 3345 1523 3399 bac
1543 3342 1676 3413 fastidiat,
1693 3348 1738 3416 qui
1755 3348 1812 3406 haee
1825 3351 1987 3422 vilipendat,

354 3440 447 3508 tibus,
475 3455 508 3496 ac
535 3438 664 3494 testificer
689 3434 810 3492 ueritati.
840 3434 881 3489 'fu
907 3449 969 3504 quae
990 3436 1144 3503 promittis,
1197 3432 1244 3503 qui
1257 3433 1368 3508 objiciat
1389 3434 1511 3490 affulror
1529 3452 1620 3492 errare
1635 3438 1752 3508 fecerunt
1772 3443 1988 3513 romuiuificcfi.

353 3543 424 3585 rana
438 3537 466 3586 ct
488 3528 589 3584 caduca
606 3536 679 3582 sunt.
697 3525 767 3593 Quid
779 3534 866 3579 autem
880 3523 984 3593 prodeat
997 3524 1107 3591 frontini,
1122 3525 1146 3580 ri
1175 3597 1177 3606 Ι
1197 3527 1303 3596 aaran).
1318 3524 1419 3582 Verium
1432 3542 1482 3598 eqo
1494 3542 1607 3585 erronea
1629 3545 1681 3585 ιιοιι
1695 3533 1774 3598 duco,
1788 3549 1848 3603 qua
1863 3534 1923 3604 plus
1944 3536 1988 3590 af·

352 3620 502 3674 uniuersum
518 3619 643 3673 mundum
661 3618 788 3683 lucretur,
807 3618 904 3672 uainrre
916 3630 975 3670 cero
999 3631 1054 3670 auce
1065 3617 1146 3671 detri-

351 3710 559 3780 rnerrtauufaciut
571 3709 647 3775 (Luc.
664 3712 713 3781 tx).
732 3728 742 3763 ι
1025 3687 1035 3702 ’
1163 3690 1169 3696 ’

660 3822 774 3880 carui
792 3823 837 3881 tlt.

1198 3615 1288 3673 ferant
1312 3618 1450 3687 profectus
1460 3635 1545 3690 „quam
1572 3620 1704 3678 defectus.
1721 3624 1836 3689 Qrae'ad
1859 3627 1988 3683 uirtutem

1198 3708 1304 3774 incitat,
1325 3709 1443 3766 salrtbris
1462 3712 1529 3767 risio
1551 3719 1604 3767 est.
1631 3712 1761 3782 Spiritum
1784 3713 1894 3784 pietatis
1912 3731 1988 3774 corrr-

1142 3858 1146 3866 ,
1196 3800 1322 3869 punctim
1336 3800 1461 3872 spiritmn
1478 3803 1607 3858 vanitatis
1619 3803 1766 3859 comitatur
1781 3804 1915 3861 confusio.

390 3912 471 3983 firgo
493 3912 583 3981 itaque
606 3911 728 3968 absoluta
751 3913 834 3969 libera
860 3913 1003 3970 tenebatur
1023 3916 1073 3972 sub
1096 3930 1145 3971 cu·
1200 3933 1203 3939 ·

352 4004 451 4069 stedia,
466 4020 526 4074 quae
537 4003 615 4084 'forte
632 4020 694 4059 eum
714 4016 818 4072 oraret,
833 4017 862 4062 et
883 4007 977 4062 oeulos
999 4008 1025 4062 iu
1043 4007 1143 4063 eoelum

351 4097 593 4167 extralisset,atque
603 4095 678 4150 illum
686 4096 843 4151 decantaret
851 4095 951 4152 Psalmi
960 4098 1122 4155 uersiculum
1134 4116 1142 4155 t

351 4190 446 4247 feroci
461 4190 550 4244 oculos
568 4204 638 4243 meos
660 4190 686 4243 iu
702 4199 812 4254 utentes,
833 4182 901 4242 uu'tie
915 4192 998 4244 uertici
1011 4190 1142 4245 auxilium

351 4284 416 4338 mibi
435 4279 523 4352 (Psoi.
544 4282 624 4351 cxx),
648 4270 790 4351 sitiretque
812 4284 904 4338 anima
922 4281 980 4352 ejus
1003 4283 1036 4337 arl
1057 4282 1142 4337 Deum

352 4371 455 4428 fontem
470 4371 571 4436 riuum,
588 4371 677 4426 subito
691 4373 774 4428 corrle
789 4371 911 4438 dilatato,
927 4370 1142 4444 illuminatisque

352 4461 470 4517 bominis
480 4461 605 4517 sensibus
617 4461 767 4528 interioris,
781 4463 848 4518 rirlit
860 4464 972 4534 pluriam
991 4463 1142 4533 majestatis
1163 4450 1168 4456 ’

352 4552 379 4607 iu
393 4552 518 4618 excelsis,
531 4562 558 4607 et
569 4561 725 4606 sanctorum
737 4554 835 4609 elroros
848 4554 905 4609 suis
917 4554 1057 4609 distinctos
1068 4552 1143 4607 ordi-

351 4645 432 4700 nibus
444 4644 471 4697 in
485 4658 550 4699 roeo
561 4644 751 4699 exsultationis
765 4654 791 4697 et
803 4642 985 4699 confessionis
997 4643 1141 4698 concinere

1501 3914 1614 3971 CAPUT
1633 3914 1678 3971 lt'.

1233 4005 1349 4062 Parabat
1373 4006 1457 4077 igitur
1480 4006 1558 4078 uirgo
1581 4017 1675 4063 saneta
1699 4010 1817 4086 eradere
1841 4008 1987 4065 demedio

1196 4096 1315 4153 nationis
1331 4112 1477 4166 perversu,
1493 4106 1521 4154 et
1536 4099 1609 4153 uelut
1623 4099 1748 4154 columba
1766 4100 1899 4157 innocens
1916 4100 1986 4157 effu·

1195 4204 1259 4261 gere
1277 4191 1312 4246 de
1332 4189 1428 4260 laqueo
1453 4206 1598 4260 aucupum.
1614 4193 1853 4262 opportunitatem
1873 4194 1987 4265 provido

1195 4292 1275 4336 nacta
1300 4278 1389 4352 fugam
1416 4279 1486 4335 iniit.
1507 4280 1653 4336 Poenarum
1677 4282 1790 4338 forsitan
1813 4286 1985 4340 atrocitatem

1195 4370 1432 4428 referrttidarerat.
1448 4371 1601 4427 liurnanuut
1617 4373 1668 4428 froe
1684 4372 1745 4439 fuit,
1762 4373 1825 4427 dum
1843 4384 1870 4428 et
1885 4372 1985 4427 Saluo·

1196 4471 1237 4518 tor
1248 4463 1335 4519 iturus
1344 4464 1377 4518 ad
1387 4464 1550 4534 passionem,
1561 4465 1636 4533 cepit
1644 4462 1737 4533 inuuere
1746 4474 1770 4518 ct
1780 4465 1874 4519 tudere
1884 4464 1983 4533 (fferre.

1194 4555 1262 4624 xre),
1277 4565 1302 4609 et
1323 4554 1411 4623 soclus
1432 4555 1467 4609 ait
1480 4556 1562 4610 sudor
1581 4557 1639 4624 ejrra
1653 4557 1721 4610 sicut
1741 4565 1822 4626 patere
1845 4558 1990 4627 conquiras

1195 4645 1357 4698 decrementis
1370 4645 1396 4697 io
1409 4653 1505 4698 terrant
1518 4644 1593 4713 (Luc.
1606 4647 1682 4710 nrt).
1697 4646 1750 4702 Sed
1761 4646 1866 4701 ftdelem
1877 4660 1985 4716 sportae

351 4736 459 4791 laudem
475 4745 578 4791 sanetae
593 4734 732 4790 Trinitati.
751 4732 921 4804 Quapropter
940 4742 1016 4789 lanto
1036 4732 1141 4788 exirila·
1155 4757 1180 4811 D
1192 4750 1308 4807 agonem
1323 4736 1378 4805 iam
1392 4750 1524 4792 coronare
1541 4736 1663 4807 Sponsus
1676 4737 1797 4793 eoelestis‘
1811 4736 1983 4807 disponebat.

351 4836 469 4894 rataost
483 4825 593 4897 gaudio,
608 4836 637 4880 ιιι
646 4824 704 4895 jum
720 4825 838 4896 paradisi
852 4839 882 4881 se
896 4826 1045 4881 aestimaret
1059 4839 1143 4880 amoe·
1175 4829 1185 4846 ¹
1230 4826 1298 4882 bun
1313 4828 1386 4884 euim
1402 4841 1417 4880 a
1434 4829 1653 4896 persecutoribus
1666 4842 1696 4884 se
1717 4830 1824 4896 insequi
1841 4828 1984 4892 sensisset,

352 4918 484 4972 nitatibus
497 4916 693 4972 intromissam.
704 4915 751 4971 Pia
764 4915 898 4984 siquidem
913 4915 939 4970 io
955 4915 1039 4971 Deum
1051 4915 1142 4971 auium
1195 4928 1251 4975 tota
1265 4921 1300 4977 ad
1313 4922 1399 4989 ipsum
1412 4928 1502 4974 merite
1514 4920 1693 4984 connectitur,
1708 4927 1735 4973 ct
1749 4928 1777 4971 nt
1793 4919 1819 4973 in
1832 4916 1901 4988 p'ace
1913 4917 1985 4986 jaru-

351 5025 405 5065 unu
421 5019 509 5081 petest
529 5010 665 5066 interdum
687 5025 740 5064 non
757 5009 859 5073 uidere,
874 5008 945 5078 quod
964 5018 1045 5069 amat.
1063 5008 1142 5064 furti·
1190 5012 1247 5082 jam
1265 5022 1404 5069 ntereatur
1426 5011 1540 5079 suscipi,
1557 5020 1653 5066 exorat
1667 5026 1730 5066 eum
1754 5010 1891 5079 iacryuris.
1915 5008 1986 5063 Pro·

351 5117 404 5172 quc
418 5104 502 5173 erigit
515 5101 660 5167 charitate,
674 5101 748 5172 quod
763 5098 911 5164 desiderat,
927 5114 989 5155 cum
1004 5101 1102 5156 dantur
1115 5103 1141 5158 in
1194 5101 1264 5159 fecto
1282 5104 1413 5158 mirandae
1429 5102 1558 5158 nouitatis
1576 5101 1756 5156 miraculum!
1775 5099 1872 5156 Verum
1891 5101 1915 5155 si
1935 5116 1985 5154 au·

350 5198 478 5265 prasenti
502 5193 588 5270 ,etiam
616 5192 715 5248 saeculo
743 5191 889 5247 bmnilibus
917 5200 1001 5261 atque
1026 5190 1136 5251 afflictis
1192 5203 1294 5250 ctorem
1314 5194 1474 5259 attenderis,
1498 5209 1551 5248 non
1573 5190 1709 5248 ridebitur
1732 5204 1777 5245 res
1800 5189 1991 5257 incredibilia,

321 5304 326 5310 ·
351 5287 448 5345 futurae
462 5287 689 5345 remunerationis
702 5285 825 5357 quaedam
844 5285 980 5355 primitiae.
1192 5269 1256 5358 quia
1275 5301 1328 5341 nou
1347 5295 1390 5341 est
1402 5285 1568 5355 impossibile
1581 5284 1651 5354 apud
1666 5284 1750 5338 Deum
1763 5295 1845 5336 omne
1856 5279 1982 5336 verbum.

386 5378 452 5433 flam
474 5391 503 5435 et
523 5381 633 5450 quidam
654 5377 749 5447 frater,
774 5378 819 5447 qui
845 5378 954 5433 assiduo
975 5377 1141 5449 contempla·
1192 5380 1301 5436 Grande
1317 5395 1425 5443 sarram,
1438 5380 1510 5448 quob
1521 5378 1631 5433 obuium
1645 5375 1764 5448 jacebat,
1780 5386 1842 5428 sese
1855 5372 1984 5428 scindens

351 5466 420 5523 tioni
444 5466 542 5522 divinae
567 5468 722 5533 irritareret,
751 5470 823 5524 milri
840 5468 987 5538 aliquando
1009 5471 1139 5538 narrarit,
1192 5470 1320 5535 medium,
1333 5468 1464 5537 uirginem
1484 5467 1544 5522 sinu
1558 5466 1635 5534 quasi
1658 5472 1783 5519 ntatcrno
1796 5461 1916 5532 excepit,
1933 5463 1991 5517 ite-,

350 5545 434 5630 quod,
450 5558 513 5612 doru
528 5558 697 5613 orationibus
709 5569 738 5614 er
751 5561 834 5616 multo
848 5559 921 5617 luctu
936 5576 985 5631 pro
997 5563 1054 5618 suis
1067 5572 1140 5618 essct
1192 5571 1305 5631 rumque
1327 5560 1451 5633 adductis
1472 5557 1499 5614 iu
1523 5557 1640 5612 solidum
1664 5555 1788 5627 partibus
1810 5566 1910 5623 eorpus
1923 5551 1983 5620 iana

274 5667 278 5674 ·
351 5650 470 5722 meotis
493 5647 611 5720 aquodam
630 5648 748 5705 diluculo
763 5652 889 5720 afflictus,
907 5664 1017 5726 repente
1040 5656 1067 5711 iu
1090 5670 1139 5710 su·
1191 5653 1316 5708 exanime
1335 5650 1455 5720 sepulcri
1471 5651 1531 5703 rice
1549 5649 1575 5704 irr
1594 5662 1623 5703 se
1642 5648 1805 5703 recondidit.
1825 5642 1992 5712 flagrriflea·¹

349 5756 436 5811 perna
459 5742 495 5798 sit
518 5751 613 5812 raptus
640 5756 688 5811 per
715 5743 860 5812 spiritum'
876 5743 1000 5802 llirlebat‘
1015 5757 1146 5803 satietam‘
1192 5744 1230 5799 rit
1247 5758 1311 5814 erqo
1334 5743 1465 5798 borraiuus
1488 5739 1577 5794 faeere
1592 5753 1653 5806 curn
1669 5738 1774 5806 rirqine
1794 5749 1843 5802 sua
1861 5735 1984 5789 salutare

349 5825 511 5890 'fritritatem
526 5831 685 5889 habitudine
699 5849 810 5904 prorsus
824 5833 992 5893 admiranda.
1005 5839 1140 5908 dratiquus
1191 5842 1247 5889 tam
1266 5834 1416 5908 insolitum,
1433 5848 1466 5886 ac
1490 5846 1523 5885 nc
1543 5830 1645 5885 malitia
1670 5835 1789 5883 mutaret
1814 5824 1982 5881 intellectura

349 5925 395 5982 lile
413 5925 529 5993 dierum,
544 5926 627 5984 Pater
645 5926 906 5991 misericordiarum,
925 5938 952 5980 et
967 5928 1038 5984 ficus
1056 5932 1139 5986 totius
1190 5927 1260 5997 rina
1275 5935 1322 5981 aut
1341 5926 1413 5981 lletio
1427 5926 1566 5995 deciperet
1581 5924 1701 5978 animam
1722 5921 1807 5985 illius,
1827 5916 1984 5988 properauit

349 6019 547 6079 consolationis
573 6021 654 6079 niteo
682 6018 781 6090 capite,
805 6016 879 6076 uultu
902 6020 1028 6076 rutilante
1057 6035 1138 6091 super
1191 6018 1265 6076 illam
1279 6019 1394 6076 educere
1404 6017 1439 6075 de
1453 6018 1541 6075 taedio
1556 6015 1739 6088 iniquitatum,
1752 6010 1880 6085 ‹protriant
1892 6008 2002 6080 graba:
