4584 6767
328 579 364 638 ιι
808 569 950 629 uernum
969 571 999 630 s.
1014 568 1203 660 crunnum
1223 550 1499 640 uuobssuuaactu'
1598 542 1602 548 ’
1843 620 1849 630 .
1927 564 1961 639 ᾗ

328 689 443 747 bairaina
458 687 597 758 dispersit,
612 685 710 743 ccelum
722 670 839 758 c‘aligine
856 673 955 755 tersit,
1132 675 1240 778 'ACoeli
1257 689 1405 759 tranquilla
1421 688 1506 744 iacies
1520 687 1584 758 quia
1598 688 1725 758 prestitit
1739 687 1800 756 illa,

329 784 432 839 lutbret
446 780 558 846 emittit.
573 789 602 837 0²
613 789 705 851 letrae
717 780 780 855 igne
790 780 904 853 relovit,
1173 784 1336 843 Successore
1349 786 1420 841 buna
1434 783 1521 847 sancti
1534 782 1796 853 bonitatcpatrona,

329 876 382 934 l'er
395 872 475 939 nituit
488 876 594 941 sudum,
609 882 716 961 tempus
729 873 801 936 uiuit
814 873 903 952 ubiuit
915 878 1011 946 udum,
1175 876 1210 940 Et
1222 875 1329 950 frugum
1340 873 1441 960 mundo
1456 874 1496 930 sic
1507 872 1614 934 reddita
1627 888 1693 946 tpee
1705 874 1890 946 gemebundo,

1043 1098 1253 1171 buduordis,

362 1287 428 1344 Cum
443 1286 524 1343 lunio
539 1302 631 1345 mcnse
641 1296 769 1359 quartum
782 1285 823 1342 roi
837 1287 931 1343 ederet
943 1283 1007 1347 ldut
1170 1284 1242 1355 Ergo
1255 1283 1383 1340 Laurenti
1396 1283 1498 1354 pdnas
1514 1279 1678 1340 nitidissime
1692 1283 1800 1353 lterum,

222 1447 224 1452 ¹
326 1382 393 1437 beta
408 1380 532 1437 refudere
546 1396 595 1436 nos
608 1381 659 1436 ista
672 1395 771 1435 nouum
782 1379 859 1450 quasi
872 1379 960 1435 sidus.
1150 1411 1162 1427 ,ι
1171 1376 1307 1447 Sanguine
1321 1376 1368 1445 qui
1384 1384 1497 1432 vernant
1513 1371 1596 1445 super
1605 1377 1707 1432 aetlaera
1720 1393 1935 1457 purpureorum,

325 1472 420 1525 Αιιιιιιιι
431 1470 476 1523 lux
493 1470 587 1526 eadem
597 1470 675 1525 nubis
690 1471 812 1541 professa
835 1469 956 1537 relloret,
1118 1530 1121 1536 ,
1170 1468 1250 1524 tstes
1262 1467 1437 1539 supplicibus,
1453 1469 1500 1524 des
1510 1469 1663 1538 commoda,
1675 1469 1756 1524 noxia
1771 1470 1880 1538 demas,

299 1611 302 1616 .
325 1560 427 1617 concio
438 1561 501 1616 dum
512 1569 615 1633 'nostra
626 1560 697 1619 rotis
708 1561 874 1633 hymnisque
886 1570 1009 1633 peroret.
1171 1559 1312 1622 Satntucas
1324 1560 1439 1630 meritis,
1451 1556 1693 1648 quospignc'ribus
1704 1559 1854 1624 diademas.

344 1716 1322 1750 mm
1652 1724 1960 1755 ———--—-7

693 1865 849 1930 ORATIO
870 1865 925 1928 du
947 1859 1123 1953 EUNDEM
1145 1865 1333 1929 stiterunt
1356 1866 1600 1940 treduinum,

327 2032 410 2088 lleate
423 2031 565 2101 Laarrenrl,
721 2033 750 2088 in
764 2045 850 2102 regno
862 2030 984 2089 luminis.
1171 2032 1291 2103 ltaptant
1305 2046 1356 2103 per
1368 2033 1456 2089 «levia.
1567 2031 1653 2097 oriam
1671 2030 1743 2100 quod
1757 2029 1892 2090 exterius.

326 2102 370 2157 lie
383 2102 458 2157 vultu
474 2102 600 2158 clementi
691 2139 699 2146 ,
722 2102 817 2159 Levita
829 2102 928 2169 pudice
1171 2103 1211 2156 'ln
1224 2101 1299 2157 adsis
1312 2101 1414 2171 nplier.
1567 2102 1677 2156 Christo
1689 2110 1718 2156 ιιι
1730 2101 1852 2170 caleam,

327 2171 600 2240 Respicenriseruml
721 2172 881 2240 Purpurans
904 2169 999 2228 coelice
1067 2225 1069 2233 ,
1172 2171 1431 2236 Tedirrasesrassit,
1567 2170 1843 2243 lluudoutirigeam

327 2240 594 2309 liulcibusteuotis,
722 2240 858 2296 Virtutum
895 2239 974 2305 iuria,
1171 2241 1227 2298 Nec
1242 2240 1327 2296 Deum
1340 2243 1461 2298 crearssit
1568 2240 1622 2296 Ora
1641 2241 1786 2312 propitius.

326 2310 665 2380 Quaeubstant,renrotie,
721 2311 779 2367 Tua
796 2256 991 2368 metubrtcnna
1171 2312 1263 2382 vapor
1281 2312 1428 2367 craticulae.
1567 2312 1641 2377 birro
1658 2310 1811 2373 tuclarior,

326 2377 453 2449 impende
466 2395 635 2452 prosperum.
721 2380 821 2437 llirere
834 2381 963 2452 pudicum
1172 2383 1266 2454 burm
1279 2380 1368 2437 inam
1383 2380 1459 2444 ierit,
1566 2380 1707 2453 crystallo
1728 2380 1822 2450 purior

231 2453 241 2460 ·
325 2447 650 2507 Ncrruerumnonbabcnt
721 2450 852 2521 impetret
892 2453 974 2507 ratia.
1169 2450 1263 2519 largit,
1276 2460 1377 2515 versat,
1394 2452 1459 2516 urit,
1559 2451 1656 2508 Existi
1673 2451 1822 2506 bonrinem.

323 2515 427 2646 gestes,
443 2520 543 2590 quibus
554 2522 648 2577 tabent
720 2465 980 2603 inopeetufflbristi
1171 2520 1210 2577 Te
1225 2536 1291 2577 uoco
1306 2521 1410 2586 sedule,
1568 2521 1636 2576 ilica
1649 2520 1706 2591 jam
1721 2520 1838 2577 coelitus.
1882 2583 1885 2590 p

351 2602 382 2640 eu
397 2587 558 2657 praecordia.
720 2589 809 2645 Diurte
823 2588 914 2646 fovisti
1171 2590 1257 2648 Sacer
1271 2599 1298 2646 te
1311 2591 1431 2660 Spiritus
1568 2589 1657 2660 Purga
1673 2591 1731 2661 jam
1747 2589 1856 2660 penitus

325 2656 428 2713 Salutis
444 2658 542 2726 amice,
720 2658 855 2715 Gazarum
876 2660 974 2729 pretio.
1172 2660 1249 2717 Ussit
1260 2661 1416 2717 medulliam
1568 2658 1654 2720 licam
1668 2660 1824 2728 caliginem.

324 2723 559 2793 Effieaumedice,
722 2727 810 2792 Nocti,
828 2737 975 2799 utegeam,
1170 2729 1309 2788 uctred
1330 2730 1454 2800 uictima,
1567 2729 1807 2799 0qualierore‚
1924 2763 1928 2770 ·

323 2796 426 2851 lluuier
446 2798 578 2854 remedia.
722 2798 781 2855 Τιιο
797 2800 837 2855 sie
852 2800 879 2852 ri
898 2815 960 2856 eam
1171 2800 1229 2929 'flue
1245 2817 1311 2858 urar
1326 2800 1447 2868 lerrore,
1568 2800 1646 2927 guali
1660 2816 1693 2856 ex
1710 2810 1820 2871 pectore

240 2902 245 2913 ι
325 2861 451 2944 Tuosim
464 2867 560 2923 merito
722 2870 824 2924 Sancte
836 2882 867 2924 su
890 2870 975 2941 ragio.
1195 2872 1434 2929 nandulciardore
1595 2879 1667 2925 rates
1686 2879 1750 2925 trrnc
1770 2867 1885 2935 egerasl

323 2931 433 2991 Libera
452 2937 544 2992 debito
721 2937 858 2995 Cernentes
874 2948 900 2995 te
916 2942 1009 3012 torsit,
1171 2941 1285 2997 Calcarat
1300 2942 1407 2997 intima.
1567 2938 1668 2995 eradiat
1685 2940 1724 2995 sic
1736 2939 1819 3006 licus,

326 3001 423 3080 Totius
439 3005 572 3073 criminis,
635 3059 639 3066 ,
722 3009 776 3063 Sed
792 3023 930 3079 nunquam
945 3009 1107 3068 detorsit?
1169 3007 1434 3075 Plusinteuuluit,¹
1567 3008 1756 3065 llumelamat
1775 3008 1911 3081 intercus,

323 3069 434 3129 Piorum
450 3074 585 3144 particeps
719 3082 740 3131 Α
759 3087 834 3131 recto
846 3078 982 3136 carniler.
1169 3080 1244 3142 lartius
1257 3084 1329 3138 uuud
1345 3082 1441 3148 caluit,
1568 3080 1645 3140 Tune
1660 3089 1690 3134 ut
1704 3079 1856 3149 placueras.

323 3138 489 3199 Conscribar
506 3148 646 3218 municeps
717 3146 760 3201 lle
774 3150 987 3218 proculdubio,

337 3261 1963 3298 *mm-*q

846 3426 1041 3493 OFFICIUM
1055 3424 1110 3489 DE
1131 3424 1289 3488 SANCTO
1311 3422 1481 3486 sutnlud.

961 3586 1081 3659 liqrnnur
1099 3588 1134 3643 ad
1156 3587 1320 3655 Nocturnus.

538 3678 669 3746 0lsrael,
685 3678 731 3752 qui
747 3676 867 3733 custodis
881 3676 959 3747 uigil,
975 3688 1080 3742 sancte,
1102 3677 1150 3748 qui
1167 3692 1221 3732 non
1244 3676 1368 3732 dorrnisl

572 3773 654 3829 Nose
669 3786 766 3828 sumno
782 3771 921 3836 vitiorum,
934 3785 987 3846 nus
997 3771 1114 3827 suscites
1129 3770 1250 3826 Pneuma
1271 3783 1392 3825 sacrum.

441 3875 445 3881 ’
535 3865 562 3920 Ιιι
583 3862 733 3927 llatutinis.
750 3861 875 3929 Domine,
891 3862 1016 3919 credituri
1031 3862 1116 3919 dones
1138 3862 1167 3917 in
1184 3870 1221 3926 te,

571 3957 708 4012 illumines
722 3956 777 4012 rita
790 3965 908 4022 nostros,
921 3972 956 4011 ne
969 3971 1043 4012 mors
1056 3955 1195 4022 obscuret,
1209 3954 1327 4022 oeulos;

535 4048 568 4105 Et
586 4062 620 4105 ne
636 4047 730 4104 dicant
746 4046 849 4103 inimici
867 4046 943 4118 :lius
957 4049 1089 4114 adrersus
1104 4047 1254 4118 prevalui3

538 4202 542 4209 ¹
572 4137 654 4195 iuvet
668 4138 793 4195 Paterae
812 4137 915 4206 uitium
931 4153 1011 4213 regas
1033 4148 1071 4206 tu,
1088 4148 1183 4195 sancte
1195 4138 1326 4209 Spiritus.
1346 4137 1449 4194 Amen.

1050 4232 1092 4303 ed
1119 4230 1237 4287 Laudes.

418 4317 430 4326 ”
538 4320 642 4385 Unrbra
667 4324 755 4381 noctis
769 4323 925 4395 inclinatur,
940 4328 1022 4386 terris
1036 4326 1094 4382 dies
1110 4324 1287 4390 reformatur,

502 4452 503 4455 ,
547 4413 739 4485 ·llepubescit
756 4417 797 4473 sul
813 4433 924 4487 aureus,
936 4419 1067 4491 splendor
1081 4417 1172 4490 gliscit
1185 4419 1339 4474 etbereusa'
1373 4409 1394 4463 (ἲ
1460 4460 1465 4467 .

487 4492 491 4500 ’
539 4499 674 4564 Vitiorum
694 4501 1037 4583 fuliginempeccaturum
1059 4510 1211 4581 rubiginem
1331 4539 1334 4544 ·

572 4594 690 4669 l'ergas,
705 4614 722 4655 o
735 4609 828 4657 sancte
842 4602 970 4672 Spiritus,
986 4601 1134 4671 expiesque
1151 4613 1201 4654 nus
1215 4597 1334 4667 penitus.

539 4689 587 4746 Sic
598 4689 659 4745 cuin
677 4689 774 4759 Patre,
790 4707 853 4748 eum
868 4692 937 4750 Filio
956 4708 1054 4765 perpes
1069 4692 1118 4748 tibi
1134 4690 1275 4756 laudatio,
1373 4718 1375 4720 >

588 4780 749 4854 desurper
762 4793 789 4841 te
804 4785 937 4855 innovati,
948 4801 998 4855 per
1010 4801 1041 4844 se
1056 4785 1142 4843 sianus
1156 4791 1185 4839 et
1205 4782 1287 4842 beati.
1300 4785 1401 4853 dauco.

618 4930 623 4939 ,
896 4864 899 4871 ’
1045 4879 1088 4935 Ad
1104 4879 1235 4939 Primam.

537 4968 616 5026 iiam
631 4986 702 5029 nouo
714 4974 787 5030 eacri
802 4974 887 5031 luatis
899 4974 1045 5032 innovatus
1056 4976 1146 5056 gratia

554 5089 556 5093 >
574 5061 677 5121 Sancto
691 5080 741 5136 par
751 5077 794 5123 est
809 5065 923 5139 Spiritui
936 5068 1048 5123 laudum
1066 5071 1140 5126 terre
1162 5086 1286 5146 munera.¹

536 5155 637 5212 Aurem
652 5156 723 5227 piam
738 5160 840 5216 nostris
856 5160 914 5229 ipse
930 5162 1090 5219 accomodet
1101 5164 1226 5233 vocibus,

570 5246 737 5319 Ceraseriqne
749 5250 891 5322 precipiat
910 5251 1041 5322 angelicis
1056 5269 1117 5308 eum
1136 5252 1273 5311 laudibus.

533 5339 643 5398 Nostris
653 5342 735 5399 Pater
751 5359 814 5400 cum
829 5343 897 5400 Filio
911 5361 942 5402 se
954 5348 1025 5403 votis
1046 5345 1230 5414 praestabilem

573 5432 702 5506 idemque
717 5434 814 5494 reddat
828 5436 947 5509 Spiritus
965 5454 1074 5511 semper
1086 5440 1265 5497 exorabilem.
1280 5442 1380 5499 Aineia.

851 5584 853 5588 Α
1085 5533 1128 5589 ald
1144 5532 1272 5590 Tertium.

527 5612 613 5672 ¹liora
625 5616 711 5690 iulget
724 5635 758 5678 en
773 5624 864 5688 tertia.
881 5622 945 5682 lelia
966 5634 1073 5697 tempus
1091 5634 1120 5681 et
1135 5640 1264 5693 aureum,

525 5741 528 5746 -
571 5704 631 5775 Quo
644 5707 751 5766 ‘alliarit
766 5714 834 5771 mire
848 5706 952 5773 donans
975 5717 1111 5790 apostolos
1128 5715 1250 5774 Pneuma
1274 5734 1394 5777 sacrum.

536 5801 592 5859 lbos
603 5804 697 5859 eadem
711 5807 856 5877 participet
864 5810 951 5881 iprum
965 5811 1111 5883 dignanter
1122 5802 1223 5881 gratia,

574 5895 675 5952 Amore
688 5895 787 5968 reddat
799 5889 931 5969 ier'vidns,
948 5913 976 5958 et
991 5904 1069 5962 laude
1088 5905 1205 5962 disertos
1220 5920 1269 5960 sua

494 6037 497 6042 .
522 5984 648 6045 clemens
660 5986 739 6048 anatis
750 5989 801 6047 lroe
819 5990 919 6062 largire
935 5992 1016 6052 l’ater
1036 6004 1144 6066 sancte,
1159 6009 1223 6054 cum
1238 5993 1307 6051 Filio
