4584 6767
364 547 417 604 361
675 545 802 605 littei.
823 549 867 606 DE
889 549 1159 607 PEREGlllerN'l'ss
1175 549 1338 610 claritate
1359 550 1423 606 DEl.
1440 582 1475 592 -
1488 547 1614 605 rutel.
1635 546 1692 604 xli.
1953 545 2006 601 dli

363 670 519 733 appareote
528 678 563 717 es
576 660 641 718 Sion
654 663 738 734 specie
749 663 851 719 decoris
862 666 932 737 ejas,
947 665 1085 735 mottiieste
1119 681 1161 720 oe·
1178 669 1199 726 Α
1217 682 1267 722 nee
1277 668 1392 738 primam
1402 667 1516 724 similem
1534 666 1593 721 risa
1607 665 1712 729 tit,uee
1724 664 1827 719 ltalrere
1835 674 2004 735 sequentem.

363 758 420 811 niet
431 754 503 810 detta
513 766 612 819 noster,
636 757 838 812 etuansilelr't.
864 755 940 828 lpnis
968 756 997 812 in
1023 765 1162 825 conspecte
1250 756 1333 825 llttjtts
1356 773 1445 814 aureae
1469 759 1553 827 virgae
1578 754 1765 812 enormitatem
1789 753 1910 810 Ecclesia
1932 754 2005 809 reiut

363 850 426 917 eg'ee
434 846 599 909 esordercer,
616 857 641 899 er
657 847 684 900 in
696 847 812 901 circuite
835 848 893 916 ejus
909 858 1047 920 terrrpeslnt
1074 847 1163 901 aalide
1213 847 1304 902 altera·
1321 845 1418 904 Estlrer
1440 849 1467 900 io
1485 845 1565 901 altari
1587 845 1709 915 quotidie
1727 842 1867 900 osculatur
1885 841 2003 917 (Esther.

364 937 456 1010 (Psel-
472 946 559 1009 terat.
588 934 698 993 interint
725 937 801 1008 uirga
828 938 961 993 doctrinae
984 937 1042 1007 elus
1069 938 1164 1009 dirigit
1190 925 1193 930 ¹
1213 929 1310 1008 suiset
1326 936 1475 995 osculando
1486 947 1667 1007 prorueretur,
1682 946 1712 992 ut
1726 937 1811 993 dinan
1827 937 1854 991 io
1866 936 2005 993 dnticlrri-

368 1032 550 1100 ignnraotes;
569 1027 704 1082 rectitudo
729 1028 790 1082 riter
812 1029 883 1097 ejrts,
911 1044 970 1098 qnae
995 1028 1068 1083 telnt
1083 1029 1160 1099 uirga
1213 1042 1256 1086 sto
1269 1029 1706 1099 adversuspopulumsanctornut
1719 1028 1827 1083 ttondiu
1843 1028 2003 1097 prevalere

364 1125 456 1177 terrea
473 1119 631 1175 inflexibilis
645 1120 696 1174 luit
710 1121 880 1190 adculpam,
893 1121 1004 1190 corrigit
1015 1129 1044 1176 et
1062 1135 1164 1191 provo·
1212 1133 1240 1178 et
1258 1131 1288 1177 nt
1302 1121 1504 1188 llarrlochsens,
1525 1122 1580 1177 into
1599 1122 1625 1177 in
1646 1122 1818 1177 llardocltaeo
1833 1119 1948 1187 Petrus,
1963 1122 2005 1176 rel

353 1224 410 1269 rat
429 1214 604 1269 reluctantes.
618 1211 764 1267 ilectitudo
776 1223 890 1280 soture,
921 1214 985 1269 lieet
1003 1221 1054 1285 pro
1077 1214 1162 1286 regali
1213 1215 1239 1271 in
1258 1214 1342 1272 Petro
1354 1214 1485 1272 Ecclesia
1500 1214 1630 1273 rtemann
1648 1215 1768 1287 pontifex
1788 1214 2004 1285 patruelisejns,

363 1306 509 1377 progenie,
524 1305 586 1361 sire
600 1318 698 1374 proco
713 1304 785 1373 quod
800 1305 864 1360 talis
883 1314 994 1375 latetque
1017 1316 1091 1361 recta
1120 1313 1163 1361 est
1211 1311 1257 1381 qui
1281 1310 1355 1366 selus
1376 1318 1439 1366 ante
1463 1293 1551 1365 dmau
1565 1324 1652 1382 genna
1669 1323 1722 1365 noo
1741 1307 1882 1374 curvabit,
1902 1307 2006 1364 honore

363 1397 753 1467 assuntpta,gnalisrpttartrrpre
767 1406 840 1453 reeta
854 1414 869 1451 a
885 1409 960 1454 recto
972 1399 1027 1454 lieo
1038 1398 1162 1471 inprime
1212 1401 1288 1470 regio
1300 1402 1399 1474 diguus
1416 1385 1581 1458 inveniatur.
1604 1402 1650 1459 iel
1667 1401 1690 1458 si
1715 1400 1898 1459 summitatem
1919 1399 2002 1470 uirgae

362 1489 736 1558 laonrirreestereata,t·irga
755 1503 837 1542 aurea
862 1487 915 1544 diei
940 1492 1041 1559 possim
1070 1502 1160 1546 tarrteo
1211 1510 1303 1551 atrrern
1317 1494 1384 1551 liltet
1407 1494 1559 1566 intelligere
1572 1495 1834 1551 consummationem
1856 1492 1931 1564 regni
1953 1508 2002 1548 ea·

362 1583 526 1654 specialiter
541 1598 591 1654 pro
620 1582 719 1638 animae
742 1584 949 1657 incorruptione
975 1588 1049 1660 virga
1077 1605 1160 1645 aurea
1211 1586 1329 1652 calaris,
1349 1594 1377 1642 et
1392 1584 1472 1641 duem
1489 1585 1569 1654 regie
1592 1586 1756 1655 potestatis:
1777 1591 1879 1638 tautam
1896 1582 2002 1653 opinari

362 1676 645 1748 recttnsappeltatnr.
662 1676 862 1745 Easignidero,
886 1680 958 1740 sicut
982 1680 1057 1751 rirga
1086 1696 1161 1737 uruae
1211 1692 1355 1748 possumus
1375 1677 1448 1733 eirca
1472 1676 1552 1732 durem
1572 1677 1682 1742 saeenli,
1705 1676 1874 1733 Antichristo
1897 1675 2003 1732 sttlrlato

360 1782 456 1823 aura
470 1759 497 1821 ie
509 1781 572 1822 arca
583 1765 697 1822 ioederis
709 1766 762 1822 init
773 1765 888 1837 juncum
903 1770 943 1827 tic
958 1773 985 1827 in
999 1774 1159 1832 unaclnistt
1212 1771 1358 1836 demedio,
1377 1769 1510 1826 unitatem
1527 1768 1585 1824 lore
1603 1769 1679 1826 inter
1695 1769 1854 1825 secularem
1869 1777 1897 1826 et
1916 1768 2004 1829 eccle·

359 1875 482 1930 mee
499 1860 550 1915 init
561 1859 703 1923 divinitati
724 1860 882 1930 conjuncta.
909 1862 977 1920 Naro
995 1868 1067 1936 quod
1088 1869 1160 1940 apuu
1211 1863 1352 1920 siasticaur
1367 1869 1548 1933 potestatem
1562 1869 1629 1918 utse
1640 1862 1783 1919 rideantur
1795 1859 1911 1918 invicem
1925 1875 2007 1918 oscu-

359 1950 511 2009 lerentiam
526 1952 600 2025 virga
612 1951 671 2009 ollae
681 1961 772 2010 testeae
782 1954 956 2026 conjungitur
968 1957 1036 2029 (der.
1053 1960 1158 2030 r),illnd
1211 1955 1272 2021 lari,
1285 1966 1313 2011 et
1333 1968 1386 2009 troo
1404 1964 1458 2009 tam
1474 1951 1609 2009 assuerus
1622 1965 1704 2024 qnam
1716 1950 1903 2007 llardochaeus
1918 1950 2004 2005 dorni.-

360 2044 481 2099 innnere
496 2044 615 2108 ridetur,
627 2044 698 2113 qttod
712 2045 738 2100 io
749 2046 843 2101 eadent
856 2062 973 2116 persona
994 2063 1059 2107 caro
1078 2052 1159 2122 spiri·
1175 2023 1196 2078 B
1211 2058 1291 2104 nezur
1316 2048 1342 2102 in
1359 2059 1459 2117 reguo,
1474 2045 1547 2110 guod
1572 2043 1942 2119 mon'Clrristustraditurus
1960 2054 2002 2097 est

359 2134 400 2188 tui
413 2144 457 2189 eet
472 2130 631 2200 conjuncta,
646 2142 674 2189 ct
689 2132 763 2189 uelut
777 2143 844 2190 testa
859 2136 932 2193 icrro
957 2140 1061 2209 absque
1084 2142 1157 2196 onrni
1211 2142 1266 2195 lieo
1282 2150 1309 2195 et
1322 2137 1406 2194 Patri.
1425 2138 1535 2211 Virganr
1554 2153 1662 2209 quoptte
1677 2136 1928 2195 icrreundieiruns
1939 2137 2002 2192 bea·

357 2224 484 2281 earoalit
500 2224 730 2294 concupiscentie
752 2230 932 2297 repugnantia
955 2240 999 2287 est
1024 2233 1157 2304 strbjecta.
1210 2232 1411 2298 tomitanam,
1428 2248 1481 2286 oon
1506 2231 1624 2287 ierrcaru
1643 2230 1671 2285 iu
1691 2228 1932 2293 miserertdo„sed
1948 2227 2003 2284 ier·

360 2317 430 2385 Sed,
445 2316 518 2374 sicut
532 2316 606 2387 virga
624 2314 712 2373 lerrea
728 2321 849 2376 conterit
864 2331 893 2376 et
905 2325 1067 2382 comminuit
1088 2328 1160 2382 reln-
1210 2337 1284 2377 ream
1299 2324 1326 2378 in
1342 2323 1535 2387 numentanam
1550 2337 1602 2377 noo
1622 2320 1648 2375 in
1664 2319 1850 2376 subveniendo
1863 2305 2002 2384 ferream,

359 2406 620 2476 amoenitatum
636 2422 719 2463 aurea
733 2413 900 2467 contritosct
912 2412 1069 2472 luotiliatos
1079 2417 1158 2489 erigit
1209 2418 1256 2473 ted
1272 2416 1298 2471 in
1316 2399 1506 2472 subvehendo.
1529 2412 1587 2469 Nou
1609 2413 1682 2468 enlm
1701 2420 1744 2467 est
1761 2410 1875 2468 baculus
1891 2409 2002 2467 arurtdi·

358 2504 393 2560 ad
404 2518 482 2575 spero
495 2501 569 2571 ritae,
583 2510 611 2559 et
624 2503 658 2557 ad
672 2504 795 2572 gratiam
826 2516 938 2578 reparat
963 2510 1157 2582 obsequentes.
1209 2522 1277 2565 oeus
1287 2516 1405 2570 uotnrn,
1422 2507 1476 2563 imo
1490 2505 1551 2576 plns
1564 2519 1646 2574 ortam
1658 2503 1774 2574 ligneus,
1790 2503 1853 2574 guia
1869 2512 2001 2575 qrraotnnt

358 2596 436 2652 liene
448 2603 539 2651 autem
549 2609 631 2666 quant
646 2594 732 2650 llarid
746 2594 865 2652 ferream
875 2599 943 2654 dixit
953 2600 1041 2670 (Pani.
1058 2603 1101 2671 ιι),
1114 2602 1160 2658 de·
1209 2598 1312 2654 icrrnnt
1324 2598 1398 2670 ligno
1411 2597 1569 2668 praemuniet
1581 2595 1608 2650 iu
1622 2593 1794 2662 fortitudine,
1804 2604 1907 2651 tanturn
1922 2595 2001 2651 beata

357 2688 463 2746 reraias
481 2686 573 2742 ridere
586 2700 616 2742 se
629 2686 729 2742 asserit
747 2687 1011 2761 vigilantemque
1032 2693 1158 2752 crunnus
1209 2689 1293 2748 llaria
1309 2704 1402 2760 ,supra
1416 2704 1525 2746 omnent
1544 2689 1692 2743 lrnntannto
1715 2685 1825 2743 modum
1846 2688 1946 2745 virtute
1960 2697 2003 2744 eet

357 2794 411 2836 nee
430 2780 457 2835 in
471 2776 564 2857 alipuo
578 2776 678 2843 derne,
693 2793 745 2835 nec
760 2796 883 2850 tropuaot
897 2785 1083 2850 obdormisse,
1107 2801 1158 2843 nee
1209 2783 1303 2837 induta
1326 2797 1361 2837 er
1386 2781 1461 2843 altu,
1485 2779 1589 2849 Spiritu
1620 2788 1716 2833 sancto
1741 2778 1950 2848 superveniente
1973 2779 2003 2834 iu

357 2872 402 2927 rel
415 2871 443 2926 io
459 2869 567 2925 orodieo
582 2868 744 2925 dormitasse
758 2871 897 2927 inuenitur
908 2874 943 2928 ad
958 2875 1084 2946 cumamr
1099 2878 1157 2945 sed,
1209 2890 1280 2938 canu
1295 2873 1376 2929 idest
1391 2885 1472 2942 snpra
1488 2865 1598 2924 solitdm
1619 2870 1753 2927 seniendi
1765 2869 1790 2924 in
1805 2869 1929 2924 tornines
1943 2885 2001 2925 tuo·

354 2964 431 3019 aient
450 2961 753 3033 vigiletsaoetnsapud
770 2961 1002 3034 Danielerojnbet
1027 2968 1158 3025 arborem
1208 2965 1273 3021 dunt
1292 2963 1318 3018 in
1340 2977 1400 3018 earu
1423 2960 1624 3025 descendente,
1646 2967 1674 3014 et
1699 2960 1799 3015 uirtute
1822 2960 1846 3016 ci
1867 2959 2001 3017 ditissimi

356 3052 662 3125 praetendentem.
679 3052 730 3121 tv),
745 3052 784 3108 sie
796 3061 825 3109 et
840 3056 912 3125 apnd
924 3055 1071 3114 larentiam
1081 3062 1157 3131 virga
1208 3056 1399 3112 obumbrante.
1414 3053 1543 3109 Libenter·
1562 3052 1612 3109 ltas
1625 3053 1731 3124 uirgas,
1751 3067 1820 3123 qttas
1837 3068 1852 3106 a
1869 3067 1933 3108 tero
1950 3048 1998 3107 la·

357 3143 569 3217 rigilaosoliarn
584 3156 754 3207 succensam,
774 3151 803 3199 et
826 3147 896 3216 apud
913 3148 997 3203 llarid
1015 3151 1158 3221 virgeler·
1209 3149 1260 3206 cnlr
1289 3149 1316 3203 io
1342 3145 1484 3204 caualiltus
1504 3144 1712 3213 Scripturarum
1738 3145 1847 3201 iureuin
1879 3144 1998 3215 positas,

356 3251 407 3293 rea
421 3250 470 3306 ras
481 3235 555 3307 figuli
567 3234 742 3306 confringere
752 3235 922 3308 perhibetur.
947 3311 950 3317 Ι
985 3271 989 3276 -
1207 3242 1311 3298 diutins
1325 3240 1499 3298 immorando
1512 3240 1665 3311 conspicio,
1683 3248 1712 3294 nt
1727 3239 1861 3295 lucarum
1878 3247 2000 3295 coriletu-

360 3327 365 3342 '
396 3327 479 3399 Virga
492 3341 599 3398 qunque
612 3340 706 3392 aurea,
718 3328 766 3384 sed
781 3337 808 3385 et
820 3328 907 3387 lerrea
922 3329 1001 3387 lteata
1016 3332 1063 3389 liei
1075 3334 1192 3414 Geni-0
1209 3332 1328 3403 piatione
1348 3344 1446 3387 seusus
1465 3329 1621 3400 spirituales
1646 3328 1820 3399 cottcipiattt;
1838 3343 1871 3383 nc
1885 3330 1909 3386 si
1928 3329 2000 3410 lecte

349 3420 415 3502 'trix
430 3417 485 3475 dici
499 3427 600 3489 potest.
617 3421 719 3487 Aurea,
735 3418 777 3474 eei
804 3421 967 3489 guiaataris
991 3425 1064 3481 edita
1088 3427 1158 3498 regi·
1209 3422 1358 3481 carnaliter
1369 3421 1588 3493 concupiscendo
1602 3421 1766 3492 concipiam,
1780 3422 1999 3494 concupiscentia

355 3510 423 3578 bue,
440 3508 483 3566 tel
501 3509 863 3581 qniaanrearirgaprimae
878 3514 1157 3599 matrisllraedoreus
1208 3520 1266 3588 ipsa
1281 3533 1343 3574 euru
1357 3518 1524 3587 conceperit,
1540 3517 1828 3588 pariatpcccatuut;et
1840 3515 2000 3577 uanaontte
2044 3512 2053 3522 “

357 3603 582 3672 rosaproeessim
597 3600 708 3671 velguia
719 3603 896 3674 gratiopleoa
909 3617 936 3662 et
948 3608 1160 3669 intermulieres
1207 3614 1329 3668 nteinon
1352 3622 1406 3668 mut
1433 3610 1499 3665 utilti
1514 3624 1611 3678 agnam
1629 3608 1848 3678 compunctionis
1873 3625 1998 3681 compor-

356 3692 506 3750 innedicta
522 3691 1036 3755 mediantelteuedictolructttrentris
1056 3700 1110 3769 sui,
1130 3702 1156 3758 iu
1208 3703 1452 3773 rennuentem),
1476 3716 1558 3772 quain
1584 3699 1725 3755 uetustatis
1746 3715 1830 3770 opera
1848 3702 1999 3769 irtgereudo
2032 3762 2034 3766 ,

355 3783 557 3840 carneliliisni
570 3791 612 3840 est
626 3784 761 3842 divinitati
778 3785 937 3857 eottjuocte,
965 3791 1002 3846 ita
1028 3802 1058 3849 ut
1088 3793 1157 3850 illud
1208 3793 1315 3850 luutlos
1339 3806 1415 3847 rocos
1438 3791 1561 3860 eniteant
1586 3788 1778 3855 illusionibus;
1799 3800 1827 3846 et
1847 3791 1999 3848 ellieiantur

354 3875 432 3946 qnod
446 3875 604 3934 dictumest
616 3879 639 3935 ei
653 3880 687 3935 alt
700 3880 797 3952 angelo
809 3899 817 3935 ι
831 3880 961 3936 [lominus
980 3893 1064 3938 tecum
1078 3884 1154 3953 (luc.
1207 3899 1260 3940 uon
1273 3884 1360 3939 solnua
1385 3882 1504 3946 nomine,
1519 3882 1566 3938 sed
1585 3890 1613 3937 et
1628 3897 1657 3936 re
1672 3880 1808 3936 illusores.
1822 3880 1844 3937 0
1860 3883 1998 3953 quotiesa

357 3969 391 4038 r),
413 3968 487 4025 sieut
501 3971 1156 4041 estomoilruslldelilrnseonuouue,itaeiluerit
1206 3972 1366 4029 Gabaouiris
1396 3970 1621 4042 imaginationum
1649 3984 1770 4026 mearunt
1796 3973 1910 4029 meurini
1932 3974 1999 4031 milri

358 4060 492 4132 speciale.
504 4060 1155 4137 lualiiscoituDeusdicitnressepergratiaru,ci
1208 4063 1332 4118 illusum:
1346 4071 1374 4119 et
1392 4077 1440 4118 ore
1457 4061 1564 4118 [laudm
1583 4076 1635 4115 ιιοιι
1656 4062 1821 4132 interrogato
1837 4062 1873 4118 de
1886 4063 1998 4119 cibariis

356 4161 452 4208 aetem
466 4149 505 4209 ita
524 4153 678 4210 divinitatis
697 4169 754 4211 suae
774 4153 875 4210 inludit
893 4156 1059 4220 essentiam,
1080 4166 1108 4211 ut
1120 4171 1155 4211 cn
1205 4169 1300 4211 eornm
1324 4154 1496 4224 suscepisse,
1523 4154 1559 4209 ita
1579 4162 1608 4208 ιιι
1634 4153 1871 4223 contemplationis
1896 4154 1998 4210 litorine

356 4257 391 4299 ea
410 4243 497 4299 etiam
512 4242 659 4299 humanam
674 4245 726 4301 silri
743 4245 861 4301 noirerit
884 4254 1019 4301 staturam.
1038 4246 1068 4301 Ei
1087 4261 1154 4317 ergo
1206 4244 1281 4301 relut
1294 4245 1412 4315 quodam
1436 4245 1502 4300 milti
1517 4241 1573 4299 sole
1590 4243 1703 4315 justitie
1718 4242 1916 4310 occnrulrcntc,
1932 4259 1998 4301 con·

349 4336 462 4393 -nrerito
493 4340 714 4395 antonomatisce
744 4340 867 4408 dicitnr,
904 4339 1042 4395 Dominus
1069 4351 1154 4398 ternos
1206 4338 1345 4393 tinnierix
1365 4336 1839 4407 tandemprecibusolttiuercm‚nt
1856 4337 1996 4396 staretsol
2063 4320 2074 4333 ’

356 4425 438 4499 (ιιι.
458 4426 496 4497 ι).
513 4428 539 4482 io
553 4445 607 4498 rprra
632 4445 685 4485 uon
707 4432 793 4487 solunt
819 4431 870 4488 luit
882 4436 939 4503 'per
953 4435 1089 4504 gratiam,
1106 4437 1153 4492 sed
1204 4439 1299 4485 contra
1312 4428 1423 4485 Galtaoo
1438 4444 1446 4493 ;
1459 4429 1522 4484 etsi
1541 4444 1593 4484 nou
1609 4430 1755 4500 proliceret
1767 4429 1857 4485 lurtteu
1872 4429 1995 4485 contem-

351 4519 447 4590 ·lpsius
466 4520 550 4574 etiam
567 4521 718 4578 diuinitatis
736 4524 891 4593 plenitudo,
908 4526 979 4581 sient
996 4527 1035 4583 ait
1055 4528 1152 4585 desitus
1203 4522 1351 4593 elatioris,
1376 4520 1472 4577 saltem
1496 4535 1549 4576 uon
1572 4520 1700 4577 deiiceret
1723 4520 1799 4577 calor
1823 4521 1994 4581 devotionis:

355 4607 524 4680 apostotus,
538 4610 717 4680 corporaliter
730 4612 864 4674 lralritatit
878 4614 992 4686 (Coton.
1011 4617 1053 4689 n).
1075 4616 1153 4674 Uttdo
1203 4622 1379 4683 ntarrcretque
1397 4611 1512 4669 dilectus
1535 4626 1611 4669 tuens
1632 4626 1760 4678 mecuro,
1776 4613 1862 4684 tnagis
1882 4626 1994 4683 preenur

355 4710 387 4758 et
410 4716 446 4756 ex
468 4716 501 4757 ea
522 4710 654 4772 tanguam
679 4718 795 4774 sponsus
816 4707 982 4779 precessisse
999 4707 1097 4783 legitur
1118 4710 1152 4767 de
1167 4697 1190 4753 ῐ)
1205 4704 1364 4762 assiduitate
1383 4713 1512 4771 coactus,
1527 4719 1609 4775 quatu
1625 4704 1743 4774 puritate
1763 4702 1908 4774 allectante
1920 4703 1995 4759 oltle·
2033 4775 2035 4778 Ι

314 4850 319 4860 ,
354 4793 484 4850 melaino
495 4808 545 4851 stro
560 4792 648 4866 (Psoi.
661 4798 752 4865 nerra),
768 4812 830 4851 nam
845 4806 873 4852 et
887 4798 961 4868 prius
972 4797 1059 4856 inisse
1073 4800 1099 4856 iu
1117 4804 1164 4858 ea·
1206 4794 1376 4856 elatus.,llen
1390 4804 1455 4850 tunc
1468 4795 1558 4851 orium
1574 4809 1696 4852 rttearnot
1711 4796 1826 4852 serotini
1840 4806 1920 4853 erattt
1931 4810 1996 4851 cott-

353 4884 549 4959 pergratiaro,
562 4885 632 4941 sient
646 4888 849 4954 elincaeteria,
865 4889 919 4945 into
936 4905 998 4945 eam
1018 4892 1150 4963 singulari
1204 4896 1309 4957 cellul-
1334 4884 1401 4944 Nini
1428 4886 1475 4957 ‘1¹¹5
1501 4887 1581 4955 lidii
1603 4888 1733 4957 temporis
1760 4885 1994 4956 fuefdss¹·‚J⁴¹⁰⁰b

354 4994 416 5049 με
427 4978 535 5035 caeteris
548 4977 636 5048 gratia
655 4978 769 5036 ditatam
793 4988 907 5036 testams
921 4980 1011 5037 inerat
1030 4983 1152 5055 Angelus
1203 4988 1367 5050 cooperante
1392 4977 1499 5051 (Gom-
1516 4978 1602 5049 ΠΧ),
1622 4979 1700 5035 iiiii)
1723 4988 1751 5035 ⁶¹
1774 4980 1882 5038 diverso
1902 4980 1994 5037 0⁰¹⁰f⁰

348 5071 469 5137 dicens,
492 5071 545 5126 Are
566 5072 657 5144 gratia
682 5071 760 5142 plena
777 5064 861 5142 idne.
879 5073 910 5146 r).
931 5076 973 5130 ae
991 5076 1013 5130 si
1033 5077 1150 5143 ulceret,
1202 5071 1378 5141 mysticorum
1408 5085 1538 5126 serranum
1571 5073 1740 5139 apparebant
1768 5072 1896 5144 respersi.
1917 5071 1994 5132 tuno

355 5162 454 5220 anre
467 5164 533 5233 pite
552 5174 775 5235 conpregnoeruut
793 5166 921 5232 diuitias,
940 5176 969 5222 ιιι
984 5183 1151 5240 supergresso
1202 5162 1301 5233 qttippe
1316 5162 1343 5216 iu
1359 5162 1462 5219 lumine
1479 5161 1585 5221 Domini
1600 5162 1691 5218 lumen
1707 5161 1814 5229 videus,
1828 5162 1992 5233 aspiciebant

353 5268 384 5308 er
402 5253 541 5309 euinersne
562 5252 655 5328 (Pron
676 5255 765 5327 nxrrlt
779 5253 840 5325 lpsa
865 5256 1000 5328 siquidem
1016 5260 1151 5317 maturior
1202 5270 1255 5309 nou
1267 5254 1353 5312 soluto
1364 5254 1508 5325 predictas
1521 5253 1622 5324 uirgas,
1637 5254 1685 5308 sed
1696 5261 1723 5307 et
1733 5253 1864 5322 populeas
1878 5252 1991 5317 virides,

354 5345 440 5413 Sara,
458 5346 610 5415 sapientior
625 5346 769 5410 Rebecca,
786 5346 836 5404 lia
854 5348 1015 5415 fecundior,
1031 5351 1151 5409 strepere
1202 5354 1231 5400 et
1247 5346 1448 5417 amygdalinas,
1464 5355 1493 5401 et
1506 5360 1540 5401 ex
1552 5344 1669 5415 platanis
1680 5344 1782 5414 positas
1804 5345 1831 5399 iu
1852 5347 1991 5416 predictis

354 5436 473 5507 gratior,
487 5437 613 5492 devotior
626 5436 715 5505 Anna,
730 5437 832 5492 castior
846 5453 928 5508 gnato
945 5439 1080 5497 Susanna.
1091 5440 1151 5512 lpsa
1202 5437 1356 5502 canaiilrus,
1372 5448 1401 5492 et
1424 5445 1498 5519 latita
1523 5436 1654 5491 varietate
1675 5435 1848 5504 entecnius,
1874 5438 1901 5492 in
1926 5439 1992 5510 ipsis

352 5525 455 5599 gratia
466 5525 675 5598 plenitudinem,
688 5543 770 5598 quam
785 5527 846 5584 aliae
859 5528 968 5586 divisim
983 5531 1149 5601 imbuerunt,
1202 5532 1286 5604 uirgis
1299 5531 1367 5595 Noe,
1385 5531 1490 5597 llatnel,
1506 5542 1534 5587 ct
1546 5531 1615 5597 lolt,
1631 5534 1833 5604 eonteurplaltar
1852 5538 1991 5605 enetttpla.

345 5617 483 5700 ,totaliter
497 5619 619 5675 ereditur
631 5621 782 5690 accepisse,
792 5622 929 5692 elatusque
943 5623 1151 5695 interpolatione
1201 5626 1230 5681 ln
1246 5625 1302 5683 Noe
1324 5625 1399 5680 relut
1422 5624 1448 5680 in
1474 5623 1585 5694 platano
1603 5625 1724 5682 exaltata
1746 5629 1824 5697 juxta
1848 5643 1947 5698 aquarn
1963 5629 1990 5685 in

311 5769 333 5794 ,Ι
353 5707 819 5782 monoueposredtsse.tugnua
836 5713 917 5784 plena
931 5713 1005 5770 dieta
1021 5718 1149 5786 asnonio
1201 5719 1315 5790 plateis,
1337 5718 1468 5773 doctrine
1489 5718 1679 5777 rectitudinem
1704 5721 1875 5780 admirabar·
1891 5722 1919 5777 ln
1938 5720 1990 5778 lolr

309 5853 318 5870 „
334 5799 502 5892 ssdadtatis
518 5816 647 5871 tonuere,
662 5804 721 5860 sine
736 5821 789 5875 gua
807 5807 898 5862 ornaris
916 5808 1004 5877 gratia
1018 5807 1102 5864 fallar
1121 5818 1150 5864 et
1202 5810 1294 5866 relat
1288 5827 1315 5866 rn
1331 5810 1474 5880 arrtygdalo
1489 5808 1560 5870 lucili
1574 5810 1766 5872 decidentium
1779 5812 1876 5869 tiorum
1890 5820 1919 5870 et
1932 5809 1990 5871 iru-

334 5905 429 5948 ‘rana
444 5899 487 5949 eet
499 5891 682 5963 pulchritudm
696 5897 755 5952 siue
767 5911 850 5968 qua·
834 5898 902 5953 uilril
913 5910 966 5967 est,
977 5900 1050 5970 quod
1064 5902 1151 5971 possit
1201 5910 1292 5961 etatum
1311 5904 1437 5962 ultertate
1457 5907 1601 5975 gaudente,
1614 5907 1675 5964 iidci
1692 5907 1854 5963 rectitudine
1868 5902 1988 5964 dele'cta

323 5955 530 6104 ssprodeetes
523 5996 562 6045 na
584 5987 687 6060 repleta
708 5987 775 6059 luit,
802 6000 831 6047 ut
856 5991 884 6048 iu
910 5991 1150 6061 decorticatione
1200 5997 1260 6056 bar.
1277 5996 1306 6054 ln
1322 5994 1434 6056 Daniele
1451 5996 1562 6056 relatio
1577 5998 1676 6071 populo
1697 5999 1790 6089 viridi,
1805 5999 1989 6073 intelligentie
