<?xml version="1.0" encoding="UTF-8"?>
<!DOCTYPE html PUBLIC "-//W3C//DTD XHTML 1.0 Transitional//EN"
    "http://www.w3.org/TR/xhtml1/DTD/xhtml1-transitional.dtd">
<html xmlns="http://www.w3.org/1999/xhtml" xml:lang="en" lang="en">
 <head>
  <title>
</title>
<meta http-equiv="Content-Type" content="text/html;charset=utf-8" />
  <meta name='ocr-system' content='tesseract 3.04.00' />
  <meta name='ocr-capabilities' content='ocr_page ocr_carea ocr_par ocr_line ocrx_word'/>
</head>
<body>
  <div class='ocr_page' id='page_1' title='image "./patrologiaecurs97unkngoog_0710.png"; bbox 0 0 4584 6767; ppageno 0'>
   <div class='ocr_carea' id='block_1_1' title="bbox 346 615 415 674">
    <p class='ocr_par' dir='ltr' id='par_1_1' title="bbox 346 615 415 674">
     <span class='ocr_line' id='line_1_1' title="bbox 346 615 415 674; baseline 0.043 -3"><span class='ocrx_word' id='word_1_1' title='bbox 346 615 415 674; x_wconf 71' lang='lat'>{329</span> 
     </span>
    </p>
   </div>
   <div class='ocr_carea' id='block_1_2' title="bbox 789 594 1492 693">
    <p class='ocr_par' dir='ltr' id='par_1_2' title="bbox 789 594 1492 693">
     <span class='ocr_line' id='line_1_2' title="bbox 789 594 1492 693; baseline 0.02 -18"><span class='ocrx_word' id='word_1_2' title='bbox 789 594 973 680; x_wconf 73' lang='lat' dir='ltr'>setsrote‘</span> <span class='ocrx_word' id='word_1_3' title='bbox 989 620 1033 687; x_wconf 85' lang='lat' dir='ltr'>st</span> <span class='ocrx_word' id='word_1_4' title='bbox 1052 621 1260 687; x_wconf 70' lang='lat' dir='ltr'>uatrttrme</span> <span class='ocrx_word' id='word_1_5' title='bbox 1284 657 1322 674; x_wconf 88' lang='lat'>-</span> <span class='ocrx_word' id='word_1_6' title='bbox 1338 627 1394 693; x_wconf 83' lang='lat' dir='ltr'>au.</span> <span class='ocrx_word' id='word_1_7' title='bbox 1416 630 1492 689; x_wconf 82' lang='lat' dir='ltr'>tres.</span> 
     </span>
    </p>
   </div>
   <div class='ocr_carea' id='block_1_3' title="bbox 346 732 1942 821">
    <p class='ocr_par' dir='ltr' id='par_1_3' title="bbox 346 732 1942 821">
     <span class='ocr_line' id='line_1_3' title="bbox 346 732 1942 821; baseline 0.013 -32"><span class='ocrx_word' id='word_1_8' title='bbox 346 733 478 789; x_wconf 89' lang='lat' dir='ltr'>ornnibus</span> <span class='ocrx_word' id='word_1_9' title='bbox 494 732 657 800; x_wconf 90' lang='lat' dir='ltr'>redditibus,</span> <span class='ocrx_word' id='word_1_10' title='bbox 673 747 744 804; x_wconf 86' lang='lat' dir='ltr'>quos</span> <span class='ocrx_word' id='word_1_11' title='bbox 766 734 867 792; x_wconf 82' lang='lat' dir='ltr'>ibidem</span> <span class='ocrx_word' id='word_1_12' title='bbox 885 736 1002 809; x_wconf 91' lang='lat' dir='ltr'>babetis,</span> <span class='ocrx_word' id='word_1_13' title='bbox 1024 751 1051 798; x_wconf 89' lang='lat' dir='ltr'>ct</span> <span class='ocrx_word' id='word_1_14' title='bbox 1067 751 1138 799; x_wconf 90' lang='lat' dir='ltr'>terra</span> <span class='ocrx_word' id='word_1_15' title='bbox 1153 748 1177 807; x_wconf 72' lang='grc' dir='ltr'><strong>Α</strong></span> <span class='ocrx_word' id='word_1_16' title='bbox 1192 739 1556 814; x_wconf 86' lang='lat' dir='ltr'>iutnrisreguiarem&#39;ritam</span> <span class='ocrx_word' id='word_1_17' title='bbox 1571 746 1705 817; x_wconf 89' lang='lat' dir='ltr'>proiessis</span> <span class='ocrx_word' id='word_1_18' title='bbox 1723 749 1751 804; x_wconf 91' lang='lat' dir='ltr'>in</span> <span class='ocrx_word' id='word_1_19' title='bbox 1769 739 1942 821; x_wconf 86' lang='lat' dir='ltr'>perpetuum.</span> 
     </span>
    </p>
   </div>
   <div class='ocr_carea' id='block_1_4' title="bbox 308 823 1146 2071">
    <p class='ocr_par' dir='ltr' id='par_1_4' title="bbox 308 823 1146 2071">
     <span class='ocr_line' id='line_1_4' title="bbox 346 823 1137 892; baseline 0.015 -14"><span class='ocrx_word' id='word_1_20' title='bbox 346 825 444 879; x_wconf 90' lang='lat' dir='ltr'>arabili</span> <span class='ocrx_word' id='word_1_21' title='bbox 459 842 467 892; x_wconf 87' lang='lat'><strong>;</strong></span> <span class='ocrx_word' id='word_1_22' title='bbox 481 826 566 880; x_wconf 86' lang='lat' dir='ltr'>altare</span> <span class='ocrx_word' id='word_1_23' title='bbox 577 827 611 881; x_wconf 91' lang='lat' dir='ltr'>de</span> <span class='ocrx_word' id='word_1_24' title='bbox 627 823 730 880; x_wconf 85' lang='lat' dir='ltr'>Carnin</span> <span class='ocrx_word' id='word_1_25' title='bbox 743 840 805 880; x_wconf 90' lang='lat' dir='ltr'>curn</span> <span class='ocrx_word' id='word_1_26' title='bbox 817 826 1009 888; x_wconf 76' lang='lat' dir='ltr'>consimilibus</span> <span class='ocrx_word' id='word_1_27' title='bbox 1024 833 1137 890; x_wconf 91' lang='lat' dir='ltr'>redditi·</span> 
     </span>
     <span class='ocr_line' id='line_1_5' title="bbox 347 914 1139 998; baseline 0.016 -29"><span class='ocrx_word' id='word_1_28' title='bbox 347 914 410 970; x_wconf 89' lang='lat' dir='ltr'>bus.</span> <span class='ocrx_word' id='word_1_29' title='bbox 425 915 519 971; x_wconf 87' lang='lat' dir='ltr'>Villam</span> <span class='ocrx_word' id='word_1_30' title='bbox 531 916 565 972; x_wconf 91' lang='lat' dir='ltr'>de</span> <span class='ocrx_word' id='word_1_31' title='bbox 576 914 720 971; x_wconf 80' lang='lat' dir='ltr'>lumeries</span> <span class='ocrx_word' id='word_1_32' title='bbox 732 923 815 970; x_wconf 91' lang='lat' dir='ltr'>totam</span> <span class='ocrx_word' id='word_1_33' title='bbox 827 931 891 974; x_wconf 90' lang='lat' dir='ltr'>eum</span> <span class='ocrx_word' id='word_1_34' title='bbox 902 920 992 991; x_wconf 88' lang='lat' dir='ltr'>altari,</span> <span class='ocrx_word' id='word_1_35' title='bbox 1006 926 1139 998; x_wconf 19' lang='lat' dir='ltr'>cum-jus-</span> 
     </span>
     <span class='ocr_line' id='line_1_6' title="bbox 349 1004 1140 1081; baseline 0.016 -22"><span class='ocrx_word' id='word_1_36' title='bbox 349 1004 420 1070; x_wconf 90' lang='lat' dir='ltr'>titia,</span> <span class='ocrx_word' id='word_1_37' title='bbox 442 1021 504 1060; x_wconf 90' lang='lat' dir='ltr'>euru</span> <span class='ocrx_word' id='word_1_38' title='bbox 520 1008 651 1080; x_wconf 88' lang='lat' dir='ltr'>terragio,</span> <span class='ocrx_word' id='word_1_39' title='bbox 667 1016 695 1066; x_wconf 90' lang='lat' dir='ltr'>et</span> <span class='ocrx_word' id='word_1_40' title='bbox 709 1008 816 1063; x_wconf 88' lang='lat' dir='ltr'>cacteris</span> <span class='ocrx_word' id='word_1_41' title='bbox 829 1010 981 1070; x_wconf 77' lang='lat' dir='ltr'>redditibus</span> <span class='ocrx_word' id='word_1_42' title='bbox 983 1054 1038 1081; x_wconf 90' lang='grc'><strong>.....</strong></span> <span class='ocrx_word' id='word_1_43' title='bbox 1053 1016 1140 1073; x_wconf 88' lang='lat' dir='ltr'>altare</span> 
     </span>
     <span class='ocr_line' id='line_1_7' title="bbox 347 1095 1140 1176; baseline 0.019 -25"><span class='ocrx_word' id='word_1_44' title='bbox 347 1095 382 1151; x_wconf 90' lang='lat' dir='ltr'>de</span> <span class='ocrx_word' id='word_1_45' title='bbox 396 1096 593 1170; x_wconf 84' lang='lat' dir='ltr'>Torumegnies</span> <span class='ocrx_word' id='word_1_46' title='bbox 607 1117 671 1158; x_wconf 90' lang='lat' dir='ltr'>cum</span> <span class='ocrx_word' id='word_1_47' title='bbox 685 1104 803 1175; x_wconf 82' lang='lat' dir='ltr'>terragio</span> <span class='ocrx_word' id='word_1_48' title='bbox 818 1114 845 1160; x_wconf 91' lang='lat' dir='ltr'>et</span> <span class='ocrx_word' id='word_1_49' title='bbox 859 1106 965 1162; x_wconf 79' lang='lat' dir='ltr'>caeteris</span> <span class='ocrx_word' id='word_1_50' title='bbox 978 1109 1140 1176; x_wconf 90' lang='lat' dir='ltr'>redditibus,</span> 
     </span>
     <span class='ocr_line' id='line_1_8' title="bbox 349 1188 1142 1260; baseline 0.018 -18"><span class='ocrx_word' id='word_1_51' title='bbox 349 1188 435 1244; x_wconf 83' lang='lat' dir='ltr'>altare</span> <span class='ocrx_word' id='word_1_52' title='bbox 451 1189 483 1245; x_wconf 89' lang='lat' dir='ltr'>de</span> <span class='ocrx_word' id='word_1_53' title='bbox 501 1190 564 1260; x_wconf 84' lang='lat' dir='ltr'>Lbs,</span> <span class='ocrx_word' id='word_1_54' title='bbox 588 1201 641 1251; x_wconf 83' lang='lat' dir='ltr'>ete.</span> <span class='ocrx_word' id='word_1_55' title='bbox 655 1194 747 1250; x_wconf 77' lang='lat' dir='ltr'>tiuare</span> <span class='ocrx_word' id='word_1_56' title='bbox 765 1194 889 1252; x_wconf 85' lang='lat' dir='ltr'>deCroix</span> <span class='ocrx_word' id='word_1_57' title='bbox 911 1211 974 1253; x_wconf 86' lang='lat' dir='ltr'>enm</span> <span class='ocrx_word' id='word_1_58' title='bbox 992 1200 1142 1256; x_wconf 88' lang='lat' dir='ltr'>consimili·</span> 
     </span>
     <span class='ocr_line' id='line_1_9' title="bbox 308 1280 1141 1355; baseline 0.019 -21"><span class='ocrx_word' id='word_1_59' title='bbox 308 1282 310 1290; x_wconf 66' lang='lat'><em>¹</em></span> <span class='ocrx_word' id='word_1_60' title='bbox 350 1280 402 1336; x_wconf 90' lang='lat' dir='ltr'>bus</span> <span class='ocrx_word' id='word_1_61' title='bbox 417 1283 580 1351; x_wconf 90' lang='lat' dir='ltr'>redditibus,</span> <span class='ocrx_word' id='word_1_62' title='bbox 594 1286 681 1343; x_wconf 87' lang='lat' dir='ltr'>altare</span> <span class='ocrx_word' id='word_1_63' title='bbox 693 1287 728 1343; x_wconf 89' lang='lat' dir='ltr'>de</span> <span class='ocrx_word' id='word_1_64' title='bbox 741 1286 837 1342; x_wconf 88' lang='lat' dir='ltr'>liesnil</span> <span class='ocrx_word' id='word_1_65' title='bbox 841 1327 897 1355; x_wconf 90' lang='grc'><strong>.....</strong></span> <span class='ocrx_word' id='word_1_66' title='bbox 913 1289 1000 1347; x_wconf 86' lang='lat' dir='ltr'>altare</span> <span class='ocrx_word' id='word_1_67' title='bbox 1010 1292 1043 1349; x_wconf 88' lang='lat' dir='ltr'>de</span> <span class='ocrx_word' id='word_1_68' title='bbox 1057 1292 1141 1349; x_wconf 70' lang='lat' dir='ltr'>ires·</span> 
     </span>
     <span class='ocr_line' id='line_1_10' title="bbox 351 1374 1140 1451; baseline 0.014 -22"><span class='ocrx_word' id='word_1_69' title='bbox 351 1374 393 1429; x_wconf 88' lang='lat' dir='ltr'>sin</span> <span class='ocrx_word' id='word_1_70' title='bbox 397 1412 453 1437; x_wconf 85' lang='grc'><strong>.....</strong></span> <span class='ocrx_word' id='word_1_71' title='bbox 466 1375 552 1431; x_wconf 88' lang='lat' dir='ltr'>altare</span> <span class='ocrx_word' id='word_1_72' title='bbox 569 1376 604 1432; x_wconf 89' lang='lat' dir='ltr'>de</span> <span class='ocrx_word' id='word_1_73' title='bbox 616 1375 783 1451; x_wconf 73' lang='lat' dir='ltr'>wahegnies</span> <span class='ocrx_word' id='word_1_74' title='bbox 800 1394 863 1436; x_wconf 92' lang='lat' dir='ltr'>cum</span> <span class='ocrx_word' id='word_1_75' title='bbox 878 1381 1008 1438; x_wconf 90' lang='lat' dir='ltr'>omnibus</span> <span class='ocrx_word' id='word_1_76' title='bbox 1025 1384 1140 1440; x_wconf 91' lang='lat' dir='ltr'>redditi·</span> 
     </span>
     <span class='ocr_line' id='line_1_11' title="bbox 351 1463 1142 1545; baseline 0.015 -26"><span class='ocrx_word' id='word_1_77' title='bbox 351 1463 404 1523; x_wconf 90' lang='lat' dir='ltr'>bus</span> <span class='ocrx_word' id='word_1_78' title='bbox 420 1482 491 1536; x_wconf 86' lang='lat' dir='ltr'>quos</span> <span class='ocrx_word' id='word_1_79' title='bbox 504 1466 604 1523; x_wconf 91' lang='lat' dir='ltr'>ibidem</span> <span class='ocrx_word' id='word_1_80' title='bbox 619 1468 759 1525; x_wconf 90' lang='lat' dir='ltr'>babetis...</span> <span class='ocrx_word' id='word_1_81' title='bbox 774 1469 953 1529; x_wconf 67' lang='lat' dir='ltr'>visitationes</span> <span class='ocrx_word' id='word_1_82' title='bbox 971 1474 1083 1545; x_wconf 84' lang='lat' dir='ltr'>insuper</span> <span class='ocrx_word' id='word_1_83' title='bbox 1095 1490 1142 1531; x_wconf 89' lang='lat' dir='ltr'>ee-</span> 
     </span>
     <span class='ocr_line' id='line_1_12' title="bbox 352 1557 1142 1637; baseline 0.015 -26"><span class='ocrx_word' id='word_1_84' title='bbox 352 1557 499 1614; x_wconf 89' lang='lat' dir='ltr'>clesiarum</span> <span class='ocrx_word' id='word_1_85' title='bbox 513 1559 637 1614; x_wconf 92' lang='lat' dir='ltr'>omnium</span> <span class='ocrx_word' id='word_1_86' title='bbox 652 1559 686 1614; x_wconf 85' lang='lat' dir='ltr'>ad</span> <span class='ocrx_word' id='word_1_87' title='bbox 698 1558 867 1617; x_wconf 84' lang='lat' dir='ltr'>insulensem</span> <span class='ocrx_word' id='word_1_88' title='bbox 881 1562 1045 1622; x_wconf 86' lang='lat' dir='ltr'>decanatum</span> <span class='ocrx_word' id='word_1_89' title='bbox 1061 1580 1142 1637; x_wconf 89' lang='lat' dir='ltr'>spee-</span> 
     </span>
     <span class='ocr_line' id='line_1_13' title="bbox 352 1648 1143 1718; baseline 0.015 -17"><span class='ocrx_word' id='word_1_90' title='bbox 352 1649 497 1711; x_wconf 84' lang='lat' dir='ltr'>ctantium.</span> <span class='ocrx_word' id='word_1_91' title='bbox 514 1665 575 1718; x_wconf 84' lang='lat' dir='ltr'>quae</span> <span class='ocrx_word' id='word_1_92' title='bbox 590 1651 659 1705; x_wconf 91' lang='lat' dir='ltr'>ilunt</span> <span class='ocrx_word' id='word_1_93' title='bbox 672 1648 707 1705; x_wconf 92' lang='lat' dir='ltr'>ad</span> <span class='ocrx_word' id='word_1_94' title='bbox 722 1649 865 1707; x_wconf 87' lang='lat' dir='ltr'>ecelesiam</span> <span class='ocrx_word' id='word_1_95' title='bbox 880 1663 998 1711; x_wconf 85' lang='lat' dir='ltr'>rostram</span> <span class='ocrx_word' id='word_1_96' title='bbox 1017 1656 1044 1711; x_wconf 89' lang='lat' dir='ltr'>in</span> <span class='ocrx_word' id='word_1_97' title='bbox 1056 1658 1143 1712; x_wconf 82' lang='lat' dir='ltr'>borro-</span> 
     </span>
     <span class='ocr_line' id='line_1_14' title="bbox 353 1739 1146 1812; baseline 0.016 -20"><span class='ocrx_word' id='word_1_98' title='bbox 353 1755 383 1793; x_wconf 89' lang='lat' dir='ltr'>re</span> <span class='ocrx_word' id='word_1_99' title='bbox 397 1740 468 1793; x_wconf 89' lang='lat' dir='ltr'>beati</span> <span class='ocrx_word' id='word_1_100' title='bbox 480 1739 550 1795; x_wconf 86' lang='lat' dir='ltr'>Piati</span> <span class='ocrx_word' id='word_1_101' title='bbox 574 1741 703 1812; x_wconf 78' lang='lat' dir='ltr'>martyris</span> <span class='ocrx_word' id='word_1_102' title='bbox 718 1751 795 1797; x_wconf 84' lang='lat' dir='ltr'>serta</span> <span class='ocrx_word' id='word_1_103' title='bbox 810 1743 878 1801; x_wconf 88' lang='lat' dir='ltr'>ieria</span> <span class='ocrx_word' id='word_1_104' title='bbox 905 1745 1092 1811; x_wconf 86' lang='lat' dir='ltr'>Perrtceostes,</span> <span class='ocrx_word' id='word_1_105' title='bbox 1109 1750 1146 1804; x_wconf 90' lang='lat' dir='ltr'>si·</span> 
     </span>
     <span class='ocr_line' id='line_1_15' title="bbox 352 1829 1144 1902; baseline 0.008 -19"><span class='ocrx_word' id='word_1_106' title='bbox 352 1838 398 1883; x_wconf 87' lang='lat' dir='ltr'>eut</span> <span class='ocrx_word' id='word_1_107' title='bbox 410 1845 426 1883; x_wconf 93' lang='lat' dir='ltr'>a</span> <span class='ocrx_word' id='word_1_108' title='bbox 443 1829 625 1899; x_wconf 79' lang='lat' dir='ltr'>quadraginta</span> <span class='ocrx_word' id='word_1_109' title='bbox 638 1839 711 1887; x_wconf 93' lang='lat' dir='ltr'>retro</span> <span class='ocrx_word' id='word_1_110' title='bbox 725 1830 804 1887; x_wconf 86' lang='lat' dir='ltr'>antris</span> <span class='ocrx_word' id='word_1_111' title='bbox 818 1834 943 1900; x_wconf 81' lang='lat' dir='ltr'>noscitur</span> <span class='ocrx_word' id='word_1_112' title='bbox 956 1836 1144 1902; x_wconf 82' lang='lat' dir='ltr'>obsecratum,</span> 
     </span>
     <span class='ocr_line' id='line_1_16' title="bbox 354 1920 1145 1997; baseline 0 -18"><span class='ocrx_word' id='word_1_113' title='bbox 354 1924 442 1979; x_wconf 89' lang='lat' dir='ltr'>eidem</span> <span class='ocrx_word' id='word_1_114' title='bbox 470 1920 596 1975; x_wconf 81' lang='lat' dir='ltr'>ecclcsiae</span> <span class='ocrx_word' id='word_1_115' title='bbox 621 1925 785 1983; x_wconf 88' lang='lat' dir='ltr'>auctoritate</span> <span class='ocrx_word' id='word_1_116' title='bbox 822 1926 973 1997; x_wconf 84' lang='lat' dir='ltr'>apostolica</span> <span class='ocrx_word' id='word_1_117' title='bbox 997 1923 1145 1981; x_wconf 90' lang='lat' dir='ltr'>coniirma·</span> 
     </span>
     <span class='ocr_line' id='line_1_17' title="bbox 355 2032 505 2071; baseline -0.02 0"><span class='ocrx_word' id='word_1_118' title='bbox 355 2032 427 2071; x_wconf 81' lang='lat' dir='ltr'>illlis.</span> <span class='ocrx_word' id='word_1_119' title='bbox 501 2062 505 2068; x_wconf 95' lang='lat'><em>.</em></span> 
     </span>
    </p>
   </div>
   <div class='ocr_carea' id='block_1_5' title="bbox 1190 832 2027 2092">
    <p class='ocr_par' dir='ltr' id='par_1_5' title="bbox 1190 832 2027 2092">
     <span class='ocr_line' id='line_1_18' title="bbox 1227 832 1981 911; baseline 0.017 -24"><span class='ocrx_word' id='word_1_120' title='bbox 1227 832 1393 904; x_wconf 85' lang='lat' dir='ltr'>ileiigiosam</span> <span class='ocrx_word' id='word_1_121' title='bbox 1416 837 1503 893; x_wconf 85' lang='lat' dir='ltr'>vitam</span> <span class='ocrx_word' id='word_1_122' title='bbox 1526 839 1691 911; x_wconf 75' lang='lat' dir='ltr'>eligentibus</span> <span class='ocrx_word' id='word_1_123' title='bbox 1716 842 1899 911; x_wconf 82' lang='lat' dir='ltr'>apostolicum</span> <span class='ocrx_word' id='word_1_124' title='bbox 1915 860 1981 900; x_wconf 87' lang='lat' dir='ltr'>eon·</span> 
     </span>
     <span class='ocr_line' id='line_1_19' title="bbox 1190 924 1983 1004; baseline 0.02 -26"><span class='ocrx_word' id='word_1_125' title='bbox 1190 924 1267 979; x_wconf 78' lang='lat' dir='ltr'>venit</span> <span class='ocrx_word' id='word_1_126' title='bbox 1279 925 1377 982; x_wconf 89' lang='lat' dir='ltr'>adesse</span> <span class='ocrx_word' id='word_1_127' title='bbox 1392 929 1611 998; x_wconf 70' lang='lat' dir='ltr'>praesidiumue</span> <span class='ocrx_word' id='word_1_128' title='bbox 1626 931 1696 989; x_wconf 89' lang='lat' dir='ltr'>iorte</span> <span class='ocrx_word' id='word_1_129' title='bbox 1710 933 1858 1004; x_wconf 82' lang='lat' dir='ltr'>cujuslibet</span> <span class='ocrx_word' id='word_1_130' title='bbox 1871 938 1983 993; x_wconf 87' lang='lat' dir='ltr'>temeri-</span> 
     </span>
     <span class='ocr_line' id='line_1_20' title="bbox 1191 1015 1983 1094; baseline 0.016 -23"><span class='ocrx_word' id='word_1_131' title='bbox 1191 1016 1256 1072; x_wconf 88' lang='lat' dir='ltr'>tatis</span> <span class='ocrx_word' id='word_1_132' title='bbox 1271 1015 1400 1075; x_wconf 88' lang='lat' dir='ltr'>incursus</span> <span class='ocrx_word' id='word_1_133' title='bbox 1421 1029 1471 1077; x_wconf 92' lang='lat' dir='ltr'>aut</span> <span class='ocrx_word' id='word_1_134' title='bbox 1489 1035 1537 1078; x_wconf 91' lang='lat' dir='ltr'>eos</span> <span class='ocrx_word' id='word_1_135' title='bbox 1551 1037 1567 1077; x_wconf 91' lang='lat' dir='ltr'>a</span> <span class='ocrx_word' id='word_1_136' title='bbox 1581 1025 1724 1094; x_wconf 91' lang='lat' dir='ltr'>proposito</span> <span class='ocrx_word' id='word_1_137' title='bbox 1743 1035 1862 1094; x_wconf 82' lang='lat' dir='ltr'>revocet,</span> <span class='ocrx_word' id='word_1_138' title='bbox 1876 1038 1924 1083; x_wconf 89' lang='lat' dir='ltr'>aut</span> <span class='ocrx_word' id='word_1_139' title='bbox 1938 1044 1983 1083; x_wconf 91' lang='lat' dir='ltr'>ro-</span> 
     </span>
     <span class='ocr_line' id='line_1_21' title="bbox 1191 1104 1984 1189; baseline 0.015 -28"><span class='ocrx_word' id='word_1_140' title='bbox 1191 1104 1255 1173; x_wconf 86' lang='lat' dir='ltr'>bur,</span> <span class='ocrx_word' id='word_1_141' title='bbox 1275 1107 1349 1176; x_wconf 89' lang='lat' dir='ltr'>quod</span> <span class='ocrx_word' id='word_1_142' title='bbox 1365 1107 1447 1164; x_wconf 87' lang='lat' dir='ltr'>absit!</span> <span class='ocrx_word' id='word_1_143' title='bbox 1463 1124 1549 1167; x_wconf 81' lang='lat' dir='ltr'>sacrae</span> <span class='ocrx_word' id='word_1_144' title='bbox 1568 1112 1710 1186; x_wconf 71' lang='lat' dir='ltr'>religionis</span> <span class='ocrx_word' id='word_1_145' title='bbox 1725 1116 1867 1188; x_wconf 79' lang='lat' dir='ltr'>infringat.</span> <span class='ocrx_word' id='word_1_146' title='bbox 1880 1117 1984 1189; x_wconf 81' lang='lat' dir='ltr'>Eapro-</span> 
     </span>
     <span class='ocr_line' id='line_1_22' title="bbox 1191 1198 1985 1281; baseline 0.018 -30"><span class='ocrx_word' id='word_1_147' title='bbox 1191 1206 1263 1267; x_wconf 89' lang='lat' dir='ltr'>pter,</span> <span class='ocrx_word' id='word_1_148' title='bbox 1278 1198 1369 1255; x_wconf 92' lang='lat' dir='ltr'>dilecti</span> <span class='ocrx_word' id='word_1_149' title='bbox 1384 1200 1413 1255; x_wconf 92' lang='lat' dir='ltr'>in</span> <span class='ocrx_word' id='word_1_150' title='bbox 1435 1198 1553 1260; x_wconf 84' lang='lat' dir='ltr'>Domibo</span> <span class='ocrx_word' id='word_1_151' title='bbox 1566 1204 1624 1270; x_wconf 90' lang='lat' dir='ltr'>iiiii,</span> <span class='ocrx_word' id='word_1_152' title='bbox 1641 1207 1740 1264; x_wconf 86' lang='lat' dir='ltr'>restris</span> <span class='ocrx_word' id='word_1_153' title='bbox 1760 1207 1846 1278; x_wconf 84' lang='lat' dir='ltr'>justis</span> <span class='ocrx_word' id='word_1_154' title='bbox 1861 1212 1985 1281; x_wconf 89' lang='lat' dir='ltr'>postula·</span> 
     </span>
     <span class='ocr_line' id='line_1_23' title="bbox 1191 1278 1984 1368; baseline 0.014 -24"><span class='ocrx_word' id='word_1_155' title='bbox 1191 1288 1314 1346; x_wconf 80' lang='lat' dir='ltr'>tionibus</span> <span class='ocrx_word' id='word_1_156' title='bbox 1340 1278 1490 1347; x_wconf 81' lang='lat' dir='ltr'>clementer</span> <span class='ocrx_word' id='word_1_157' title='bbox 1516 1295 1676 1364; x_wconf 88' lang='lat' dir='ltr'>annuimus,</span> <span class='ocrx_word' id='word_1_158' title='bbox 1688 1308 1716 1353; x_wconf 89' lang='lat' dir='ltr'>et</span> <span class='ocrx_word' id='word_1_159' title='bbox 1726 1297 1868 1368; x_wconf 84' lang='lat' dir='ltr'>praelatam</span> <span class='ocrx_word' id='word_1_160' title='bbox 1894 1302 1984 1357; x_wconf 89' lang='lat' dir='ltr'>ecele-</span> 
     </span>
     <span class='ocr_line' id='line_1_24' title="bbox 1193 1379 2027 1460; baseline 0.011 -24"><span class='ocrx_word' id='word_1_161' title='bbox 1193 1380 1263 1436; x_wconf 89' lang='lat' dir='ltr'>siam</span> <span class='ocrx_word' id='word_1_162' title='bbox 1287 1379 1381 1437; x_wconf 79' lang='lat' dir='ltr'>Sancti</span> <span class='ocrx_word' id='word_1_163' title='bbox 1412 1381 1575 1453; x_wconf 82' lang='lat' dir='ltr'>Saitatoris,</span> <span class='ocrx_word' id='word_1_164' title='bbox 1597 1386 1624 1441; x_wconf 94' lang='lat' dir='ltr'>in</span> <span class='ocrx_word' id='word_1_165' title='bbox 1648 1403 1702 1458; x_wconf 85' lang='lat' dir='ltr'>qua</span> <span class='ocrx_word' id='word_1_166' title='bbox 1726 1388 1820 1444; x_wconf 86' lang='lat' dir='ltr'>dirirro</span> <span class='ocrx_word' id='word_1_167' title='bbox 1837 1390 1985 1460; x_wconf 86' lang='lat' dir='ltr'>mancipati</span> <span class='ocrx_word' id='word_1_168' title='bbox 2023 1409 2027 1414; x_wconf 95' lang='lat'>·</span> 
     </span>
     <span class='ocr_line' id='line_1_25' title="bbox 1192 1474 1984 1551; baseline 0.008 -20"><span class='ocrx_word' id='word_1_169' title='bbox 1192 1474 1261 1531; x_wconf 88' lang='lat' dir='ltr'>estis</span> <span class='ocrx_word' id='word_1_170' title='bbox 1291 1474 1437 1545; x_wconf 85' lang='lat' dir='ltr'>obsequio,</span> <span class='ocrx_word' id='word_1_171' title='bbox 1468 1475 1504 1532; x_wconf 91' lang='lat' dir='ltr'>ad</span> <span class='ocrx_word' id='word_1_172' title='bbox 1526 1478 1668 1549; x_wconf 80' lang='lat' dir='ltr'>exemplar</span> <span class='ocrx_word' id='word_1_173' title='bbox 1681 1483 1916 1551; x_wconf 83' lang='lat' dir='ltr'>praedeeessorum</span> <span class='ocrx_word' id='word_1_174' title='bbox 1937 1497 1984 1537; x_wconf 91' lang='lat' dir='ltr'>no-</span> 
     </span>
     <span class='ocr_line' id='line_1_26' title="bbox 1193 1567 1986 1645; baseline 0.008 -23"><span class='ocrx_word' id='word_1_175' title='bbox 1193 1576 1332 1632; x_wconf 82' lang='lat' dir='ltr'>strorum,</span> <span class='ocrx_word' id='word_1_176' title='bbox 1345 1567 1433 1623; x_wconf 91' lang='lat' dir='ltr'>ieiicis</span> <span class='ocrx_word' id='word_1_177' title='bbox 1444 1568 1583 1625; x_wconf 86' lang='lat' dir='ltr'>memoriae</span> <span class='ocrx_word' id='word_1_178' title='bbox 1593 1567 1755 1637; x_wconf 80' lang='lat' dir='ltr'>iunocentii,</span> <span class='ocrx_word' id='word_1_179' title='bbox 1770 1569 1897 1645; x_wconf 83' lang='lat' dir='ltr'>lingonii,</span> <span class='ocrx_word' id='word_1_180' title='bbox 1911 1574 1986 1628; x_wconf 78' lang='lat' dir='ltr'>bna·</span> 
     </span>
     <span class='ocr_line' id='line_1_27' title="bbox 1193 1654 1988 1732; baseline 0.008 -21"><span class='ocrx_word' id='word_1_181' title='bbox 1193 1656 1282 1727; x_wconf 80' lang='lat' dir='ltr'>stapii,</span> <span class='ocrx_word' id='word_1_182' title='bbox 1292 1654 1381 1724; x_wconf 84' lang='lat' dir='ltr'>Lucii,</span> <span class='ocrx_word' id='word_1_183' title='bbox 1398 1654 1512 1723; x_wconf 87' lang='lat' dir='ltr'>Urbani,</span> <span class='ocrx_word' id='word_1_184' title='bbox 1525 1666 1554 1715; x_wconf 87' lang='lat' dir='ltr'>et</span> <span class='ocrx_word' id='word_1_185' title='bbox 1568 1658 1705 1725; x_wconf 64' lang='lat' dir='ltr'>metrorii,</span> <span class='ocrx_word' id='word_1_186' title='bbox 1718 1658 1906 1717; x_wconf 82' lang='lat' dir='ltr'>Romanorum</span> <span class='ocrx_word' id='word_1_187' title='bbox 1917 1676 1988 1732; x_wconf 90' lang='lat' dir='ltr'>pon·</span> 
     </span>
     <span class='ocr_line' id='line_1_28' title="bbox 1194 1730 1991 1820; baseline 0.006 -20"><span class='ocrx_word' id='word_1_188' title='bbox 1194 1745 1310 1811; x_wconf 90' lang='lat' dir='ltr'>tiilcum,</span> <span class='ocrx_word' id='word_1_189' title='bbox 1325 1730 1377 1802; x_wconf 86' lang='lat' dir='ltr'>sub</span> <span class='ocrx_word' id='word_1_190' title='bbox 1388 1746 1461 1803; x_wconf 89' lang='lat' dir='ltr'>beati</span> <span class='ocrx_word' id='word_1_191' title='bbox 1470 1745 1543 1803; x_wconf 84' lang='lat' dir='ltr'>Petri</span> <span class='ocrx_word' id='word_1_192' title='bbox 1554 1757 1581 1803; x_wconf 91' lang='lat' dir='ltr'>ct</span> <span class='ocrx_word' id='word_1_193' title='bbox 1593 1757 1688 1805; x_wconf 87' lang='lat' dir='ltr'>nostra</span> <span class='ocrx_word' id='word_1_194' title='bbox 1713 1751 1882 1820; x_wconf 88' lang='lat' dir='ltr'>protectione</span> <span class='ocrx_word' id='word_1_195' title='bbox 1895 1751 1991 1817; x_wconf 57' lang='lat' dir='ltr'>,susci-⁴</span> 
     </span>
     <span class='ocr_line' id='line_1_29' title="bbox 1194 1822 1993 1908; baseline 0.009 -22"><span class='ocrx_word' id='word_1_196' title='bbox 1194 1833 1298 1903; x_wconf 85' lang='lat' dir='ltr'>pimus,</span> <span class='ocrx_word' id='word_1_197' title='bbox 1312 1841 1340 1888; x_wconf 92' lang='lat' dir='ltr'>ct</span> <span class='ocrx_word' id='word_1_198' title='bbox 1354 1834 1499 1903; x_wconf 72' lang='lat' dir='ltr'>pinsentis</span> <span class='ocrx_word' id='word_1_199' title='bbox 1509 1835 1604 1906; x_wconf 85' lang='lat' dir='ltr'>scripti</span> <span class='ocrx_word' id='word_1_200' title='bbox 1617 1822 1761 1908; x_wconf 75' lang='lat' dir='ltr'>priuilegio</span> <span class='ocrx_word' id='word_1_201' title='bbox 1770 1839 1993 1895; x_wconf 76' lang='lat' dir='ltr'>contemnimus.-</span> 
     </span>
     <span class='ocr_line' id='line_1_30' title="bbox 1194 1922 1987 1996; baseline 0.009 -19"><span class='ocrx_word' id='word_1_202' title='bbox 1194 1922 1331 1993; x_wconf 86' lang='lat' dir='ltr'>inprimis</span> <span class='ocrx_word' id='word_1_203' title='bbox 1353 1925 1489 1995; x_wconf 87' lang='lat' dir='ltr'>siquidem</span> <span class='ocrx_word' id='word_1_204' title='bbox 1505 1934 1669 1994; x_wconf 81' lang='lat' dir='ltr'>statuentes,</span> <span class='ocrx_word' id='word_1_205' title='bbox 1692 1937 1723 1983; x_wconf 92' lang='lat' dir='ltr'>ut</span> <span class='ocrx_word' id='word_1_206' title='bbox 1741 1930 1810 1985; x_wconf 91' lang='lat' dir='ltr'>ordo</span> <span class='ocrx_word' id='word_1_207' title='bbox 1825 1930 1987 1996; x_wconf 87' lang='lat' dir='ltr'>canonicus,</span> 
     </span>
     <span class='ocr_line' id='line_1_31' title="bbox 1195 2014 2024 2092; baseline 0.008 -23"><span class='ocrx_word' id='word_1_208' title='bbox 1195 2016 1243 2086; x_wconf 86' lang='lat' dir='ltr'>qui</span> <span class='ocrx_word' id='word_1_209' title='bbox 1258 2014 1411 2071; x_wconf 87' lang='lat' dir='ltr'>secuudum</span> <span class='ocrx_word' id='word_1_210' title='bbox 1432 2016 1519 2077; x_wconf 68' lang='grc' dir='ltr'>ὓειιιιι</span> <span class='ocrx_word' id='word_1_211' title='bbox 1532 2026 1562 2072; x_wconf 92' lang='lat' dir='ltr'>et</span> <span class='ocrx_word' id='word_1_212' title='bbox 1573 2017 1647 2073; x_wconf 91' lang='lat' dir='ltr'>beati</span> <span class='ocrx_word' id='word_1_213' title='bbox 1664 2019 1813 2091; x_wconf 76' lang='lat' dir='ltr'>Augustini</span> <span class='ocrx_word' id='word_1_214' title='bbox 1823 2021 1945 2092; x_wconf 87' lang='lat' dir='ltr'>reguiam</span> <span class='ocrx_word' id='word_1_215' title='bbox 1959 2021 1988 2075; x_wconf 90' lang='lat' dir='ltr'>in</span> <span class='ocrx_word' id='word_1_216' title='bbox 2017 2058 2024 2070; x_wconf 81' lang='lat'><strong>.</strong></span> 
     </span>
    </p>
   </div>
   <div class='ocr_carea' id='block_1_6' title="bbox 389 2075 1990 2183">
    <p class='ocr_par' dir='ltr' id='par_1_6' title="bbox 389 2075 1990 2183">
     <span class='ocr_line' id='line_1_32' title="bbox 389 2075 1990 2183; baseline 0.002 -20"><span class='ocrx_word' id='word_1_217' title='bbox 389 2107 526 2163; x_wconf 68' lang='lat' dir='ltr'>Praeterea</span> <span class='ocrx_word' id='word_1_218' title='bbox 537 2124 571 2164; x_wconf 87' lang='lat' dir='ltr'>cx</span> <span class='ocrx_word' id='word_1_219' title='bbox 584 2107 657 2164; x_wconf 90' lang='lat' dir='ltr'>done</span> <span class='ocrx_word' id='word_1_220' title='bbox 674 2108 776 2166; x_wconf 90' lang='lat' dir='ltr'>nobilis</span> <span class='ocrx_word' id='word_1_221' title='bbox 788 2107 977 2180; x_wconf 84' lang='lat' dir='ltr'>ririniilppi,</span> <span class='ocrx_word' id='word_1_222' title='bbox 993 2108 1144 2165; x_wconf 87' lang='lat' dir='ltr'>Flandren-</span> <span class='ocrx_word' id='word_1_223' title='bbox 1160 2075 1294 2162; x_wconf 74' lang='lat' dir='ltr'>Beadem</span> <span class='ocrx_word' id='word_1_224' title='bbox 1311 2105 1435 2166; x_wconf 80' lang='lat' dir='ltr'>Ecclesia</span> <span class='ocrx_word' id='word_1_225' title='bbox 1451 2108 1609 2183; x_wconf 20' lang='lat' dir='ltr'>&#39;instinctus</span> <span class='ocrx_word' id='word_1_226' title='bbox 1623 2124 1685 2167; x_wconf 90' lang='lat' dir='ltr'>esse</span> <span class='ocrx_word' id='word_1_227' title='bbox 1697 2110 1877 2179; x_wconf 85' lang='lat' dir='ltr'>dignoscitur,</span> <span class='ocrx_word' id='word_1_228' title='bbox 1893 2127 1990 2183; x_wconf 85' lang='lat' dir='ltr'>perpe·</span> 
     </span>
    </p>
   </div>
   <div class='ocr_carea' id='block_1_7' title="bbox 355 2196 2007 3377">
    <p class='ocr_par' dir='ltr' id='par_1_7' title="bbox 355 2196 2007 3377">
     <span class='ocr_line' id='line_1_33' title="bbox 356 2196 2007 2280; baseline 0.003 -29"><span class='ocrx_word' id='word_1_229' title='bbox 356 2197 524 2265; x_wconf 87' lang='lat' dir='ltr'>siseomitis,</span> <span class='ocrx_word' id='word_1_230' title='bbox 535 2196 693 2269; x_wconf 81' lang='lat' dir='ltr'>quindecim</span> <span class='ocrx_word' id='word_1_231' title='bbox 706 2199 818 2266; x_wconf 88' lang='lat' dir='ltr'>solidos,</span> <span class='ocrx_word' id='word_1_232' title='bbox 832 2214 902 2271; x_wconf 79' lang='lat' dir='ltr'>quos</span> <span class='ocrx_word' id='word_1_233' title='bbox 914 2200 1036 2257; x_wconf 71' lang='lat' dir='ltr'>ecelesias</span> <span class='ocrx_word' id='word_1_234' title='bbox 1048 2207 1147 2257; x_wconf 81' lang='lat' dir='ltr'>vestrae</span> <span class='ocrx_word' id='word_1_235' title='bbox 1198 2196 1253 2253; x_wconf 92' lang='lat' dir='ltr'>tuis</span> <span class='ocrx_word' id='word_1_236' title='bbox 1277 2196 1380 2253; x_wconf 85' lang='lat' dir='ltr'>ibidem</span> <span class='ocrx_word' id='word_1_237' title='bbox 1410 2199 1582 2270; x_wconf 80' lang='lat' dir='ltr'>temporibus</span> <span class='ocrx_word' id='word_1_238' title='bbox 1608 2200 1805 2256; x_wconf 82' lang='lat' dir='ltr'>inviolabiliter</span> <span class='ocrx_word' id='word_1_239' title='bbox 1817 2202 1988 2258; x_wconf 85' lang='lat' dir='ltr'>observetur.</span> <span class='ocrx_word' id='word_1_240' title='bbox 2005 2275 2007 2280; x_wconf 14' lang='grc' dir='ltr'><strong><em>Α</em></strong></span> 
     </span>
     <span class='ocr_line' id='line_1_34' title="bbox 355 2285 1991 2364; baseline 0.006 -23"><span class='ocrx_word' id='word_1_241' title='bbox 355 2286 478 2352; x_wconf 88' lang='lat' dir='ltr'>donarit,</span> <span class='ocrx_word' id='word_1_242' title='bbox 494 2288 528 2343; x_wconf 90' lang='lat' dir='ltr'>ad</span> <span class='ocrx_word' id='word_1_243' title='bbox 550 2286 696 2344; x_wconf 89' lang='lat' dir='ltr'>emendum</span> <span class='ocrx_word' id='word_1_244' title='bbox 713 2304 811 2360; x_wconf 82' lang='lat' dir='ltr'>panem</span> <span class='ocrx_word' id='word_1_245' title='bbox 833 2301 861 2346; x_wconf 89' lang='lat' dir='ltr'>et</span> <span class='ocrx_word' id='word_1_246' title='bbox 875 2290 1147 2364; x_wconf 82' lang='lat' dir='ltr'>t·inum,dequibus</span> <span class='ocrx_word' id='word_1_247' title='bbox 1196 2285 1346 2358; x_wconf 81' lang='lat' dir='ltr'>Propterea</span> <span class='ocrx_word' id='word_1_248' title='bbox 1382 2304 1563 2361; x_wconf 85' lang='lat' dir='ltr'>quascunque</span> <span class='ocrx_word' id='word_1_249' title='bbox 1594 2292 1796 2362; x_wconf 90' lang='lat' dir='ltr'>possessiones,</span> <span class='ocrx_word' id='word_1_250' title='bbox 1818 2308 1991 2363; x_wconf 78' lang='lat' dir='ltr'>qtraecunoue</span> 
     </span>
     <span class='ocr_line' id='line_1_35' title="bbox 355 2376 1991 2454; baseline 0.007 -24"><span class='ocrx_word' id='word_1_251' title='bbox 355 2376 449 2432; x_wconf 84' lang='lat' dir='ltr'>altaris</span> <span class='ocrx_word' id='word_1_252' title='bbox 464 2377 608 2433; x_wconf 85' lang='lat' dir='ltr'>coniicitur</span> <span class='ocrx_word' id='word_1_253' title='bbox 622 2388 837 2438; x_wconf 89' lang='lat' dir='ltr'>sacramentum.</span> <span class='ocrx_word' id='word_1_254' title='bbox 1197 2379 1269 2435; x_wconf 92' lang='lat' dir='ltr'>bona</span> <span class='ocrx_word' id='word_1_255' title='bbox 1283 2381 1379 2443; x_wconf 84' lang='lat' dir='ltr'>eadem</span> <span class='ocrx_word' id='word_1_256' title='bbox 1403 2380 1526 2440; x_wconf 85' lang='lat' dir='ltr'>Ecclesia</span> <span class='ocrx_word' id='word_1_257' title='bbox 1547 2384 1794 2454; x_wconf 80' lang='lat' dir='ltr'>impraesentiarum</span> <span class='ocrx_word' id='word_1_258' title='bbox 1813 2384 1888 2454; x_wconf 77' lang='lat' dir='ltr'>juste</span> <span class='ocrx_word' id='word_1_259' title='bbox 1901 2393 1930 2441; x_wconf 88' lang='lat' dir='ltr'>et</span> <span class='ocrx_word' id='word_1_260' title='bbox 1943 2400 1991 2441; x_wconf 87' lang='lat' dir='ltr'>ea·</span> 
     </span>
     <span class='ocr_line' id='line_1_36' title="bbox 392 2468 1990 2545; baseline 0.007 -24"><span class='ocrx_word' id='word_1_261' title='bbox 392 2468 527 2524; x_wconf 84' lang='lat' dir='ltr'>Praeterea</span> <span class='ocrx_word' id='word_1_262' title='bbox 543 2469 684 2525; x_wconf 86' lang='lat' dir='ltr'>libertates</span> <span class='ocrx_word' id='word_1_263' title='bbox 707 2478 735 2526; x_wconf 88' lang='lat' dir='ltr'>et</span> <span class='ocrx_word' id='word_1_264' title='bbox 747 2470 937 2530; x_wconf 86' lang='lat' dir='ltr'>immunitates</span> <span class='ocrx_word' id='word_1_265' title='bbox 964 2474 1104 2545; x_wconf 85' lang='lat' dir='ltr'>antiquas,</span> <span class='ocrx_word' id='word_1_266' title='bbox 1119 2483 1148 2531; x_wconf 88' lang='lat' dir='ltr'>et</span> <span class='ocrx_word' id='word_1_267' title='bbox 1198 2472 1299 2528; x_wconf 90' lang='lat' dir='ltr'>uouice</span> <span class='ocrx_word' id='word_1_268' title='bbox 1313 2472 1453 2543; x_wconf 86' lang='lat' dir='ltr'>possidet;</span> <span class='ocrx_word' id='word_1_269' title='bbox 1467 2474 1555 2529; x_wconf 91' lang='lat' dir='ltr'>autin</span> <span class='ocrx_word' id='word_1_270' title='bbox 1569 2473 1693 2531; x_wconf 87' lang='lat' dir='ltr'>loturum</span> <span class='ocrx_word' id='word_1_271' title='bbox 1708 2476 1888 2532; x_wconf 80' lang='lat' dir='ltr'>mucessione</span> <span class='ocrx_word' id='word_1_272' title='bbox 1901 2477 1990 2536; x_wconf 86' lang='lat' dir='ltr'>uorrti-</span> 
     </span>
     <span class='ocr_line' id='line_1_37' title="bbox 357 2560 1992 2637; baseline 0.011 -22"><span class='ocrx_word' id='word_1_273' title='bbox 357 2561 533 2618; x_wconf 89' lang='lat' dir='ltr'>rationabiies</span> <span class='ocrx_word' id='word_1_274' title='bbox 547 2560 761 2618; x_wconf 87' lang='lat' dir='ltr'>consuetudines</span> <span class='ocrx_word' id='word_1_275' title='bbox 774 2564 898 2622; x_wconf 80' lang='lat' dir='ltr'>ecclesie</span> <span class='ocrx_word' id='word_1_276' title='bbox 911 2576 1008 2623; x_wconf 72' lang='lat' dir='ltr'>vestre</span> <span class='ocrx_word' id='word_1_277' title='bbox 1021 2567 1146 2635; x_wconf 90' lang='lat' dir='ltr'>collatas,</span> <span class='ocrx_word' id='word_1_278' title='bbox 1199 2562 1294 2630; x_wconf 80' lang='lat' dir='ltr'>deum,</span> <span class='ocrx_word' id='word_1_279' title='bbox 1314 2563 1460 2634; x_wconf 86' lang='lat' dir='ltr'>largitione</span> <span class='ocrx_word' id='word_1_280' title='bbox 1485 2580 1581 2637; x_wconf 89' lang='lat' dir='ltr'>regum</span> <span class='ocrx_word' id='word_1_281' title='bbox 1597 2566 1639 2621; x_wconf 89' lang='lat' dir='ltr'>rei</span> <span class='ocrx_word' id='word_1_282' title='bbox 1665 2566 1835 2637; x_wconf 75' lang='lat' dir='ltr'>principun,</span> <span class='ocrx_word' id='word_1_283' title='bbox 1853 2568 1992 2624; x_wconf 69' lang='lat' dir='ltr'>⁰b¹²li⁰¹¹0</span> 
     </span>
     <span class='ocr_line' id='line_1_38' title="bbox 356 2652 1990 2737; baseline 0.004 -32"><span class='ocrx_word' id='word_1_284' title='bbox 356 2662 385 2706; x_wconf 93' lang='lat' dir='ltr'>ct</span> <span class='ocrx_word' id='word_1_285' title='bbox 399 2652 532 2737; x_wconf 71' lang='lat' dir='ltr'>bactcpus</span> <span class='ocrx_word' id='word_1_286' title='bbox 545 2652 706 2707; x_wconf 84' lang='lat' dir='ltr'>observatas</span> <span class='ocrx_word' id='word_1_287' title='bbox 717 2662 792 2709; x_wconf 89' lang='lat' dir='ltr'>ratas</span> <span class='ocrx_word' id='word_1_288' title='bbox 808 2654 953 2725; x_wconf 89' lang='lat' dir='ltr'>babemus,</span> <span class='ocrx_word' id='word_1_289' title='bbox 966 2673 1069 2729; x_wconf 87' lang='lat' dir='ltr'>easque</span> <span class='ocrx_word' id='word_1_290' title='bbox 1085 2673 1149 2729; x_wconf 90' lang='lat' dir='ltr'>per·</span> <span class='ocrx_word' id='word_1_291' title='bbox 1199 2653 1333 2722; x_wconf 89' lang='lat' dir='ltr'>lidciium,</span> <span class='ocrx_word' id='word_1_292' title='bbox 1345 2670 1395 2711; x_wconf 87' lang='lat' dir='ltr'>seu</span> <span class='ocrx_word' id='word_1_293' title='bbox 1410 2654 1473 2711; x_wconf 90' lang='lat' dir='ltr'>aliis</span> <span class='ocrx_word' id='word_1_294' title='bbox 1492 2654 1576 2725; x_wconf 86' lang='lat' dir='ltr'>justis</span> <span class='ocrx_word' id='word_1_295' title='bbox 1592 2656 1692 2723; x_wconf 91' lang='lat' dir='ltr'>modis,</span> <span class='ocrx_word' id='word_1_296' title='bbox 1704 2665 1851 2726; x_wconf 80' lang='lat' dir='ltr'>praestante</span> <span class='ocrx_word' id='word_1_297' title='bbox 1861 2656 1990 2723; x_wconf 84' lang='lat' dir='ltr'>bomine,</span> 
     </span>
     <span class='ocr_line' id='line_1_39' title="bbox 357 2743 1992 2819; baseline 0.001 -22"><span class='ocrx_word' id='word_1_298' title='bbox 357 2743 447 2812; x_wconf 90' lang='lat' dir='ltr'>petuis</span> <span class='ocrx_word' id='word_1_299' title='bbox 469 2743 637 2813; x_wconf 87' lang='lat' dir='ltr'>temporibus</span> <span class='ocrx_word' id='word_1_300' title='bbox 663 2745 782 2805; x_wconf 90' lang='lat' dir='ltr'>illibatas</span> <span class='ocrx_word' id='word_1_301' title='bbox 812 2764 973 2819; x_wconf 84' lang='lat' dir='ltr'>permanere</span> <span class='ocrx_word' id='word_1_302' title='bbox 997 2751 1147 2808; x_wconf 76' lang='lat' dir='ltr'>santelmus.</span> <span class='ocrx_word' id='word_1_303' title='bbox 1199 2744 1302 2814; x_wconf 88' lang='lat' dir='ltr'>poterit</span> <span class='ocrx_word' id='word_1_304' title='bbox 1315 2744 1441 2813; x_wconf 72' lang='lat' dir='ltr'>adipisci,</span> <span class='ocrx_word' id='word_1_305' title='bbox 1466 2744 1545 2798; x_wconf 76' lang='lat' dir='ltr'>lirma</span> <span class='ocrx_word' id='word_1_306' title='bbox 1563 2744 1643 2800; x_wconf 76' lang='lat' dir='ltr'>retis</span> <span class='ocrx_word' id='word_1_307' title='bbox 1657 2743 1812 2814; x_wconf 77' lang='lat' dir='ltr'>uestrisque</span> <span class='ocrx_word' id='word_1_308' title='bbox 1823 2743 1992 2800; x_wconf 81' lang='lat' dir='ltr'>successori·</span> 
     </span>
     <span class='ocr_line' id='line_1_40' title="bbox 358 2833 1993 2914; baseline 0.009 -27"><span class='ocrx_word' id='word_1_309' title='bbox 358 2833 449 2891; x_wconf 83' lang='lat' dir='ltr'>liores</span> <span class='ocrx_word' id='word_1_310' title='bbox 465 2836 578 2907; x_wconf 88' lang='lat' dir='ltr'>insuper</span> <span class='ocrx_word' id='word_1_311' title='bbox 591 2846 618 2894; x_wconf 90' lang='lat' dir='ltr'>ct</span> <span class='ocrx_word' id='word_1_312' title='bbox 633 2837 770 2895; x_wconf 90' lang='lat' dir='ltr'>indebitas</span> <span class='ocrx_word' id='word_1_313' title='bbox 782 2840 940 2897; x_wconf 84' lang='lat' dir='ltr'>exactiones</span> <span class='ocrx_word' id='word_1_314' title='bbox 955 2841 990 2896; x_wconf 92' lang='lat' dir='ltr'>ab</span> <span class='ocrx_word' id='word_1_315' title='bbox 1011 2842 1149 2912; x_wconf 88' lang='lat' dir='ltr'>arobiepi·</span> <span class='ocrx_word' id='word_1_316' title='bbox 1200 2833 1253 2912; x_wconf 87' lang='lat' dir='ltr'>bus</span> <span class='ocrx_word' id='word_1_317' title='bbox 1267 2841 1294 2888; x_wconf 77' lang='lat'>0¹</span> <span class='ocrx_word' id='word_1_318' title='bbox 1313 2833 1417 2889; x_wconf 66' lang='lat' dir='ltr'>illihala</span> <span class='ocrx_word' id='word_1_319' title='bbox 1436 2842 1632 2904; x_wconf 85' lang='lat' dir='ltr'>permaneaut;</span> <span class='ocrx_word' id='word_1_320' title='bbox 1645 2834 1672 2889; x_wconf 71' lang='lat'>3¹¹</span> <span class='ocrx_word' id='word_1_321' title='bbox 1688 2836 1790 2914; x_wconf 64' lang='lat' dir='ltr'>duilius</span> <span class='ocrx_word' id='word_1_322' title='bbox 1803 2834 1862 2890; x_wconf 66' lang='lat' dir='ltr'>haec</span> <span class='ocrx_word' id='word_1_323' title='bbox 1873 2834 1993 2904; x_wconf 67' lang='lat' dir='ltr'>ill⁰iliii⁹</span> 
     </span>
     <span class='ocr_line' id='line_1_41' title="bbox 360 2926 1690 2997; baseline 0 -14"><span class='ocrx_word' id='word_1_324' title='bbox 360 2927 461 2997; x_wconf 86' lang='lat' dir='ltr'>scopis,</span> <span class='ocrx_word' id='word_1_325' title='bbox 481 2927 631 2997; x_wconf 85' lang='lat' dir='ltr'>episeopis,</span> <span class='ocrx_word' id='word_1_326' title='bbox 641 2928 844 2985; x_wconf 82' lang='lat' dir='ltr'>archidiaconis</span> <span class='ocrx_word' id='word_1_327' title='bbox 868 2946 916 2986; x_wconf 92' lang='lat' dir='ltr'>seu</span> <span class='ocrx_word' id='word_1_328' title='bbox 937 2930 1061 2996; x_wconf 82' lang='lat' dir='ltr'>decanis,</span> <span class='ocrx_word' id='word_1_329' title='bbox 1073 2930 1151 2987; x_wconf 88' lang='lat' dir='ltr'>aliis-</span> <span class='ocrx_word' id='word_1_330' title='bbox 1201 2926 1332 2983; x_wconf 83' lang='lat' dir='ltr'>duximus</span> <span class='ocrx_word' id='word_1_331' title='bbox 1343 2926 1522 2996; x_wconf 81' lang='lat' dir='ltr'>exprimenda</span> <span class='ocrx_word' id='word_1_332' title='bbox 1538 2926 1690 2982; x_wconf 80' lang='lat' dir='ltr'>uocabulis.</span> 
     </span>
     <span class='ocr_line' id='line_1_42' title="bbox 358 3016 1992 3104; baseline -0.001 -30"><span class='ocrx_word' id='word_1_333' title='bbox 358 3034 414 3091; x_wconf 79' lang='lat' dir='ltr'>que</span> <span class='ocrx_word' id='word_1_334' title='bbox 428 3020 556 3075; x_wconf 88' lang='lat' dir='ltr'>omnibus</span> <span class='ocrx_word' id='word_1_335' title='bbox 570 3017 765 3077; x_wconf 90' lang='lat' dir='ltr'>ecciesiasticis</span> <span class='ocrx_word' id='word_1_336' title='bbox 786 3020 1000 3078; x_wconf 76' lang='lat' dir='ltr'>secularibusre</span> <span class='ocrx_word' id='word_1_337' title='bbox 1024 3021 1151 3092; x_wconf 86' lang='lat' dir='ltr'>personis</span> <span class='ocrx_word' id='word_1_338' title='bbox 1236 3016 1342 3073; x_wconf 66' lang='lat' dir='ltr'>Locum</span> <span class='ocrx_word' id='word_1_339' title='bbox 1367 3017 1458 3089; x_wconf 87' lang='lat' dir='ltr'>ipsum</span> <span class='ocrx_word' id='word_1_340' title='bbox 1472 3018 1501 3072; x_wconf 89' lang='lat' dir='ltr'>iu</span> <span class='ocrx_word' id='word_1_341' title='bbox 1515 3032 1570 3087; x_wconf 84' lang='lat' dir='ltr'>quo</span> <span class='ocrx_word' id='word_1_342' title='bbox 1591 3016 1702 3104; x_wconf 74' lang='lat' dir='ltr'>praelata</span> <span class='ocrx_word' id='word_1_343' title='bbox 1730 3018 1847 3074; x_wconf 88' lang='lat' dir='ltr'>eeclesia</span> <span class='ocrx_word' id='word_1_344' title='bbox 1872 3018 1925 3073; x_wconf 84' lang='lat' dir='ltr'>sita</span> <span class='ocrx_word' id='word_1_345' title='bbox 1939 3026 1992 3083; x_wconf 89' lang='lat' dir='ltr'>est,</span> 
     </span>
     <span class='ocr_line' id='line_1_43' title="bbox 361 3105 1992 3185; baseline 0.004 -19"><span class='ocrx_word' id='word_1_346' title='bbox 361 3113 389 3166; x_wconf 91' lang='lat' dir='ltr'>in</span> <span class='ocrx_word' id='word_1_347' title='bbox 407 3105 456 3168; x_wconf 68' lang='lat' dir='ltr'>uos*</span> <span class='ocrx_word' id='word_1_348' title='bbox 467 3121 495 3168; x_wconf 92' lang='lat' dir='ltr'>et</span> <span class='ocrx_word' id='word_1_349' title='bbox 507 3112 651 3169; x_wconf 85' lang='lat' dir='ltr'>ecelesiam</span> <span class='ocrx_word' id='word_1_350' title='bbox 664 3120 784 3169; x_wconf 83' lang='lat' dir='ltr'>uestram</span> <span class='ocrx_word' id='word_1_351' title='bbox 802 3114 915 3171; x_wconf 91' lang='lat' dir='ltr'>omnino</span> <span class='ocrx_word' id='word_1_352' title='bbox 939 3114 999 3171; x_wconf 82' lang='lat' dir='ltr'>deri</span> <span class='ocrx_word' id='word_1_353' title='bbox 1022 3114 1151 3185; x_wconf 86' lang='lat' dir='ltr'>probibe-</span> <span class='ocrx_word' id='word_1_354' title='bbox 1201 3124 1264 3166; x_wconf 87' lang='lat' dir='ltr'>curn</span> <span class='ocrx_word' id='word_1_355' title='bbox 1275 3108 1406 3166; x_wconf 91' lang='lat' dir='ltr'>omnibus</span> <span class='ocrx_word' id='word_1_356' title='bbox 1423 3108 1676 3179; x_wconf 87' lang='lat' dir='ltr'>pertinentiissuis,</span> <span class='ocrx_word' id='word_1_357' title='bbox 1690 3109 1992 3181; x_wconf 67' lang='lat' dir='ltr'>dementare-terras·</span> 
     </span>
     <span class='ocr_line' id='line_1_44' title="bbox 361 3201 1994 3273; baseline -0.002 -13"><span class='ocrx_word' id='word_1_358' title='bbox 361 3221 434 3261; x_wconf 76' lang='lat' dir='ltr'>muts.</span> <span class='ocrx_word' id='word_1_359' title='bbox 1202 3202 1308 3270; x_wconf 88' lang='lat' dir='ltr'>rineas,</span> <span class='ocrx_word' id='word_1_360' title='bbox 1324 3202 1438 3270; x_wconf 75' lang='lat' dir='ltr'>salinas,</span> <span class='ocrx_word' id='word_1_361' title='bbox 1451 3210 1479 3258; x_wconf 91' lang='lat' dir='ltr'>et</span> <span class='ocrx_word' id='word_1_362' title='bbox 1491 3202 1623 3273; x_wconf 83' lang='lat' dir='ltr'>q&#39;uithrrid</span> <span class='ocrx_word' id='word_1_363' title='bbox 1640 3202 1712 3271; x_wconf 84' lang='lat' dir='ltr'>juris</span> <span class='ocrx_word' id='word_1_364' title='bbox 1725 3202 1832 3257; x_wconf 90' lang='lat' dir='ltr'>irabctis</span> <span class='ocrx_word' id='word_1_365' title='bbox 1846 3202 1874 3256; x_wconf 92' lang='lat' dir='ltr'>in</span> <span class='ocrx_word' id='word_1_366' title='bbox 1885 3201 1994 3271; x_wconf 82' lang='lat' dir='ltr'>clugia.</span> 
     </span>
     <span class='ocr_line' id='line_1_45' title="bbox 397 3288 1993 3377; baseline 0.004 -28"><span class='ocrx_word' id='word_1_367' title='bbox 397 3295 578 3360; x_wconf 72' lang='lat' dir='ltr'>probibemus</span> <span class='ocrx_word' id='word_1_368' title='bbox 597 3300 720 3373; x_wconf 90' lang='lat' dir='ltr'>insuper,</span> <span class='ocrx_word' id='word_1_369' title='bbox 733 3312 765 3359; x_wconf 93' lang='lat' dir='ltr'>ut</span> <span class='ocrx_word' id='word_1_370' title='bbox 783 3302 855 3360; x_wconf 90' lang='lat' dir='ltr'>inira</span> <span class='ocrx_word' id='word_1_371' title='bbox 870 3303 1153 3377; x_wconf 80' lang='lat' dir='ltr'>terminosparocbiae</span> <span class='ocrx_word' id='word_1_372' title='bbox 1203 3290 1388 3347; x_wconf 56' lang='lat' dir='ltr'>Memmium</span> <span class='ocrx_word' id='word_1_373' title='bbox 1413 3301 1441 3347; x_wconf 65' lang='lat' dir='ltr'>tl</span> <span class='ocrx_word' id='word_1_374' title='bbox 1465 3300 1563 3355; x_wconf 63' lang='lat' dir='ltr'>tetris·</span> <span class='ocrx_word' id='word_1_375' title='bbox 1587 3306 1658 3361; x_wconf 82' lang='lat' dir='ltr'>quas</span> <span class='ocrx_word' id='word_1_376' title='bbox 1686 3290 1793 3345; x_wconf 85' lang='lat' dir='ltr'>habetis</span> <span class='ocrx_word' id='word_1_377' title='bbox 1810 3290 1837 3345; x_wconf 66' lang='lat'>5¹¹</span> <span class='ocrx_word' id='word_1_378' title='bbox 1851 3288 1993 3356; x_wconf 72' lang='lat' dir='ltr'>barbana,</span> 
     </span>
    </p>
   </div>
   <div class='ocr_carea' id='block_1_8' title="bbox 360 3372 1996 3556">
    <p class='ocr_par' dir='ltr' id='par_1_8' title="bbox 360 3372 1996 3556">
     <span class='ocr_line' id='line_1_46' title="bbox 360 3372 1994 3481; baseline -0.01 -39"><span class='ocrx_word' id='word_1_379' title='bbox 360 3390 567 3448; x_wconf 67' lang='lat' dir='ltr'>vestientibus</span> <span class='ocrx_word' id='word_1_380' title='bbox 589 3392 649 3449; x_wconf 66' lang='lat' dir='ltr'>sine</span> <span class='ocrx_word' id='word_1_381' title='bbox 663 3409 780 3453; x_wconf 58' lang='lat' dir='ltr'>assensu</span> <span class='ocrx_word' id='word_1_382' title='bbox 800 3397 951 3454; x_wconf 61' lang='lat' dir='ltr'>dpoecewg</span> <span class='ocrx_word' id='word_1_383' title='bbox 973 3399 1094 3469; x_wconf 56' lang='lat' dir='ltr'>episcopi</span> <span class='ocrx_word' id='word_1_384' title='bbox 1123 3407 1187 3481; x_wconf 70' lang='lat' dir='ltr'>⁰²G</span> <span class='ocrx_word' id='word_1_385' title='bbox 1205 3375 1232 3431; x_wconf 94' lang='lat' dir='ltr'>in</span> <span class='ocrx_word' id='word_1_386' title='bbox 1246 3376 1385 3432; x_wconf 90' lang='lat' dir='ltr'>territorio</span> <span class='ocrx_word' id='word_1_387' title='bbox 1406 3375 1477 3432; x_wconf 88' lang='lat' dir='ltr'>ilese</span> <span class='ocrx_word' id='word_1_388' title='bbox 1503 3374 1702 3441; x_wconf 83' lang='lat' dir='ltr'>molendinum,</span> <span class='ocrx_word' id='word_1_389' title='bbox 1726 3372 1994 3477; x_wconf 27' lang='lat' dir='ltr'>pransumeumuri-</span> 
     </span>
     <span class='ocr_line' id='line_1_47' title="bbox 361 3465 1996 3556; baseline -0.01 -19"><span class='ocrx_word' id='word_1_390' title='bbox 361 3491 464 3550; x_wconf 83' lang='lat' dir='ltr'>vestro,</span> <span class='ocrx_word' id='word_1_391' title='bbox 481 3486 615 3556; x_wconf 79' lang='lat' dir='ltr'>capellam</span> <span class='ocrx_word' id='word_1_392' title='bbox 636 3503 685 3545; x_wconf 67' lang='lat' dir='ltr'>seu</span> <span class='ocrx_word' id='word_1_393' title='bbox 701 3488 854 3544; x_wconf 61' lang='lat' dir='ltr'>oratorium</span> <span class='ocrx_word' id='word_1_394' title='bbox 867 3489 902 3545; x_wconf 67' lang='lat' dir='ltr'>pe</span> <span class='ocrx_word' id='word_1_395' title='bbox 919 3503 991 3544; x_wconf 68' lang='lat' dir='ltr'>„ogo</span> <span class='ocrx_word' id='word_1_396' title='bbox 1015 3489 1152 3546; x_wconf 64' lang='lat' dir='ltr'>aegpficm</span> <span class='ocrx_word' id='word_1_397' title='bbox 1203 3471 1275 3537; x_wconf 77' lang='lat' dir='ltr'>aeis,</span> <span class='ocrx_word' id='word_1_398' title='bbox 1302 3468 1379 3525; x_wconf 76' lang='lat' dir='ltr'>silvis</span> <span class='ocrx_word' id='word_1_399' title='bbox 1394 3468 1495 3524; x_wconf 88' lang='lat' dir='ltr'>etaliis</span> <span class='ocrx_word' id='word_1_400' title='bbox 1519 3468 1579 3524; x_wconf 85' lang='lat' dir='ltr'>suis</span> <span class='ocrx_word' id='word_1_401' title='bbox 1593 3466 1777 3537; x_wconf 88' lang='lat' dir='ltr'>pertinentiis,</span> <span class='ocrx_word' id='word_1_402' title='bbox 1801 3465 1874 3522; x_wconf 91' lang='lat' dir='ltr'>sicut</span> <span class='ocrx_word' id='word_1_403' title='bbox 1889 3465 1996 3521; x_wconf 80' lang='lat' dir='ltr'>nobiles</span> 
     </span>
    </p>
   </div>
   <div class='ocr_carea' id='block_1_9' title="bbox 362 3578 1154 3830">
    <p class='ocr_par' dir='ltr' id='par_1_9' title="bbox 362 3578 1154 3830">
     <span class='ocr_line' id='line_1_48' title="bbox 362 3578 1153 3662; baseline 0.013 -35"><span class='ocrx_word' id='word_1_404' title='bbox 362 3585 527 3644; x_wconf 78' lang='lat' dir='ltr'>presumat,</span> <span class='ocrx_word' id='word_1_405' title='bbox 549 3578 633 3635; x_wconf 89' lang='lat' dir='ltr'>salvis</span> <span class='ocrx_word' id='word_1_406' title='bbox 656 3579 813 3662; x_wconf 77' lang='lat' dir='ltr'>privilegiis</span> <span class='ocrx_word' id='word_1_407' title='bbox 830 3579 1019 3637; x_wconf 83' lang='lat' dir='ltr'>Romanorum</span> <span class='ocrx_word' id='word_1_408' title='bbox 1040 3581 1153 3653; x_wconf 85' lang='lat' dir='ltr'>pontii·</span> 
     </span>
     <span class='ocr_line' id='line_1_49' title="bbox 363 3667 1153 3745; baseline 0.011 -24"><span class='ocrx_word' id='word_1_409' title='bbox 363 3681 437 3722; x_wconf 84' lang='lat' dir='ltr'>conr.</span> <span class='ocrx_word' id='word_1_410' title='bbox 455 3667 623 3727; x_wconf 80' lang='lat' dir='ltr'>Auctoritate</span> <span class='ocrx_word' id='word_1_411' title='bbox 642 3686 751 3742; x_wconf 81' lang='lat' dir='ltr'>quoque</span> <span class='ocrx_word' id='word_1_412' title='bbox 765 3672 914 3745; x_wconf 85' lang='lat' dir='ltr'>apostolica</span> <span class='ocrx_word' id='word_1_413' title='bbox 935 3672 1102 3739; x_wconf 84' lang='lat' dir='ltr'>inhibemus,</span> <span class='ocrx_word' id='word_1_414' title='bbox 1118 3688 1153 3730; x_wconf 89' lang='lat' dir='ltr'>ne</span> 
     </span>
     <span class='ocr_line' id='line_1_50' title="bbox 365 3757 1154 3830; baseline 0.011 -20"><span class='ocrx_word' id='word_1_415' title='bbox 365 3757 428 3825; x_wconf 86' lang='lat' dir='ltr'>quis</span> <span class='ocrx_word' id='word_1_416' title='bbox 439 3758 466 3812; x_wconf 93' lang='lat' dir='ltr'>in</span> <span class='ocrx_word' id='word_1_417' title='bbox 480 3775 540 3827; x_wconf 87' lang='lat' dir='ltr'>ros,</span> <span class='ocrx_word' id='word_1_418' title='bbox 556 3770 605 3830; x_wconf 84' lang='lat' dir='ltr'>arrt</span> <span class='ocrx_word' id='word_1_419' title='bbox 623 3762 768 3818; x_wconf 87' lang='lat' dir='ltr'>ecelesiam</span> <span class='ocrx_word' id='word_1_420' title='bbox 787 3771 907 3819; x_wconf 85' lang='lat' dir='ltr'>uestram</span> <span class='ocrx_word' id='word_1_421' title='bbox 930 3763 1154 3819; x_wconf 81' lang='lat' dir='ltr'>excommunica·</span> 
     </span>
    </p>
   </div>
   <div class='ocr_carea' id='block_1_10' title="bbox 1204 3648 1996 3817">
    <p class='ocr_par' dir='ltr' id='par_1_10' title="bbox 1204 3648 1996 3817">
     <span class='ocr_line' id='line_1_51' title="bbox 1204 3648 1996 3723; baseline -0.009 -13"><span class='ocrx_word' id='word_1_422' title='bbox 1204 3654 1278 3710; x_wconf 87' lang='lat' dir='ltr'>rardi</span> <span class='ocrx_word' id='word_1_423' title='bbox 1290 3654 1324 3708; x_wconf 90' lang='lat' dir='ltr'>de</span> <span class='ocrx_word' id='word_1_424' title='bbox 1338 3650 1477 3723; x_wconf 89' lang='lat' dir='ltr'>inginulio</span> <span class='ocrx_word' id='word_1_425' title='bbox 1489 3650 1618 3706; x_wconf 77' lang='lat' dir='ltr'>tectestae</span> <span class='ocrx_word' id='word_1_426' title='bbox 1630 3656 1727 3704; x_wconf 75' lang='lat' dir='ltr'>vestre</span> <span class='ocrx_word' id='word_1_427' title='bbox 1737 3648 1891 3713; x_wconf 85' lang='lat' dir='ltr'>donarunt;</span> <span class='ocrx_word' id='word_1_428' title='bbox 1907 3655 1996 3703; x_wconf 84' lang='lat' dir='ltr'>terras</span> 
     </span>
     <span class='ocr_line' id='line_1_52' title="bbox 1204 3735 1995 3817; baseline -0.016 -15"><span class='ocrx_word' id='word_1_429' title='bbox 1204 3744 1405 3817; x_wconf 79' lang='lat' dir='ltr'>debiguentia,</span> <span class='ocrx_word' id='word_1_430' title='bbox 1421 3752 1512 3797; x_wconf 87' lang='lat' dir='ltr'>terras</span> <span class='ocrx_word' id='word_1_431' title='bbox 1532 3739 1569 3796; x_wconf 72' lang='lat' dir='ltr'>dc&#39;</span> <span class='ocrx_word' id='word_1_432' title='bbox 1580 3739 1750 3804; x_wconf 71' lang='lat' dir='ltr'>flumisello,</span> <span class='ocrx_word' id='word_1_433' title='bbox 1766 3740 1854 3793; x_wconf 74' lang='lat' dir='ltr'>terras</span> <span class='ocrx_word' id='word_1_434' title='bbox 1874 3736 1908 3791; x_wconf 91' lang='lat' dir='ltr'>de</span> <span class='ocrx_word' id='word_1_435' title='bbox 1922 3735 1995 3790; x_wconf 85' lang='lat' dir='ltr'>llar-</span> 
     </span>
    </p>
   </div>
   <div class='ocr_carea' id='block_1_11' title="bbox 1202 3555 2082 3630">
    <p class='ocr_par' dir='ltr' id='par_1_11' title="bbox 1202 3555 2082 3630">
     <span class='ocr_line' id='line_1_53' title="bbox 1202 3555 2082 3630; baseline -0.01 -15"><span class='ocrx_word' id='word_1_436' title='bbox 1202 3563 1254 3619; x_wconf 84' lang='lat' dir='ltr'>viri</span> <span class='ocrx_word' id='word_1_437' title='bbox 1276 3560 1447 3626; x_wconf 85' lang='lat' dir='ltr'>Leonardus,</span> <span class='ocrx_word' id='word_1_438' title='bbox 1473 3558 1626 3630; x_wconf 84' lang='lat' dir='ltr'>Phiiippus,</span> <span class='ocrx_word' id='word_1_439' title='bbox 1645 3568 1672 3613; x_wconf 89' lang='lat' dir='ltr'>et</span> <span class='ocrx_word' id='word_1_440' title='bbox 1698 3556 1809 3629; x_wconf 81' lang='lat' dir='ltr'>iligetus</span> <span class='ocrx_word' id='word_1_441' title='bbox 1833 3557 1937 3628; x_wconf 84' lang='lat' dir='ltr'>bilique</span> <span class='ocrx_word' id='word_1_442' title='bbox 1948 3555 1995 3611; x_wconf 83' lang='lat' dir='ltr'>Gi·</span> <span class='ocrx_word' id='word_1_443' title='bbox 2081 3602 2082 3606; x_wconf 75' lang='grc'>,</span> 
     </span>
    </p>
   </div>
   <div class='ocr_carea' id='block_1_12' title="bbox 363 3849 1156 4654">
    <p class='ocr_par' dir='ltr' id='par_1_12' title="bbox 363 3849 1156 4654">
     <span class='ocr_line' id='line_1_54' title="bbox 363 3849 1154 3921; baseline 0.008 -17"><span class='ocrx_word' id='word_1_444' title='bbox 363 3849 459 3916; x_wconf 90' lang='lat' dir='ltr'>tionis,</span> <span class='ocrx_word' id='word_1_445' title='bbox 474 3854 666 3921; x_wconf 84' lang='lat' dir='ltr'>suspensionis</span> <span class='ocrx_word' id='word_1_446' title='bbox 682 3860 733 3907; x_wconf 89' lang='lat' dir='ltr'>aut</span> <span class='ocrx_word' id='word_1_447' title='bbox 751 3853 889 3911; x_wconf 87' lang='lat' dir='ltr'>interdicti</span> <span class='ocrx_word' id='word_1_448' title='bbox 912 3854 1076 3910; x_wconf 87' lang='lat' dir='ltr'>sententiam</span> <span class='ocrx_word' id='word_1_449' title='bbox 1092 3854 1154 3911; x_wconf 90' lang='lat' dir='ltr'>siue</span> 
     </span>
     <span class='ocr_line' id='line_1_55' title="bbox 365 3940 1154 4017; baseline 0.011 -24"><span class='ocrx_word' id='word_1_450' title='bbox 365 3940 510 3997; x_wconf 82' lang='lat' dir='ltr'>inaniicsta</span> <span class='ocrx_word' id='word_1_451' title='bbox 526 3951 553 3997; x_wconf 91' lang='lat' dir='ltr'>ct</span> <span class='ocrx_word' id='word_1_452' title='bbox 564 3943 724 3999; x_wconf 90' lang='lat' dir='ltr'>rationabili</span> <span class='ocrx_word' id='word_1_453' title='bbox 736 3959 822 3999; x_wconf 92' lang='lat' dir='ltr'>eausa</span> <span class='ocrx_word' id='word_1_454' title='bbox 840 3944 1006 4017; x_wconf 87' lang='lat' dir='ltr'>promulget.</span> <span class='ocrx_word' id='word_1_455' title='bbox 1020 3945 1089 4001; x_wconf 77' lang='lat' dir='ltr'>llum</span> <span class='ocrx_word' id='word_1_456' title='bbox 1103 3961 1154 4002; x_wconf 91' lang='lat' dir='ltr'>au·</span> 
     </span>
     <span class='ocr_line' id='line_1_56' title="bbox 365 4034 1152 4106; baseline 0.006 -18"><span class='ocrx_word' id='word_1_457' title='bbox 365 4043 421 4088; x_wconf 90' lang='lat' dir='ltr'>tem</span> <span class='ocrx_word' id='word_1_458' title='bbox 436 4034 563 4103; x_wconf 89' lang='lat' dir='ltr'>generale</span> <span class='ocrx_word' id='word_1_459' title='bbox 575 4034 751 4089; x_wconf 88' lang='lat' dir='ltr'>interdictum</span> <span class='ocrx_word' id='word_1_460' title='bbox 766 4042 847 4091; x_wconf 76' lang='lat' dir='ltr'>terre</span> <span class='ocrx_word' id='word_1_461' title='bbox 857 4034 950 4103; x_wconf 90' lang='lat' dir='ltr'>luerit,</span> <span class='ocrx_word' id='word_1_462' title='bbox 963 4036 1044 4092; x_wconf 89' lang='lat' dir='ltr'>liceat</span> <span class='ocrx_word' id='word_1_463' title='bbox 1062 4037 1152 4106; x_wconf 84' lang='lat' dir='ltr'>robis,</span> 
     </span>
     <span class='ocr_line' id='line_1_57' title="bbox 365 4124 1156 4195; baseline 0.006 -16"><span class='ocrx_word' id='word_1_464' title='bbox 365 4124 469 4180; x_wconf 88' lang='lat' dir='ltr'>clausis</span> <span class='ocrx_word' id='word_1_465' title='bbox 481 4125 587 4195; x_wconf 84' lang='lat' dir='ltr'>januis,</span> <span class='ocrx_word' id='word_1_466' title='bbox 612 4126 733 4183; x_wconf 83' lang='lat' dir='ltr'>exclusis</span> <span class='ocrx_word' id='word_1_467' title='bbox 759 4127 1007 4186; x_wconf 69' lang='lat' dir='ltr'>excommunicatis</span> <span class='ocrx_word' id='word_1_468' title='bbox 1021 4138 1049 4185; x_wconf 91' lang='lat' dir='ltr'>et</span> <span class='ocrx_word' id='word_1_469' title='bbox 1070 4128 1156 4186; x_wconf 88' lang='lat' dir='ltr'>inter·</span> 
     </span>
     <span class='ocr_line' id='line_1_58' title="bbox 365 4205 1156 4303; baseline 0.008 -32"><span class='ocrx_word' id='word_1_470' title='bbox 365 4216 459 4285; x_wconf 56' lang='lat' dir='ltr'>dietis,</span> <span class='ocrx_word' id='word_1_471' title='bbox 471 4232 527 4273; x_wconf 90' lang='lat' dir='ltr'>non</span> <span class='ocrx_word' id='word_1_472' title='bbox 551 4218 669 4288; x_wconf 88' lang='lat' dir='ltr'>pulsatis</span> <span class='ocrx_word' id='word_1_473' title='bbox 685 4218 838 4290; x_wconf 83' lang='lat' dir='ltr'>campanis,</span> <span class='ocrx_word' id='word_1_474' title='bbox 857 4234 1006 4303; x_wconf 81' lang='lat' dir='ltr'>suppressa</span> <span class='ocrx_word' id='word_1_475' title='bbox 1022 4236 1100 4288; x_wconf 84' lang='lat' dir='ltr'>uoce,</span> <span class='ocrx_word' id='word_1_476' title='bbox 1110 4205 1156 4278; x_wconf 83' lang='lat' dir='ltr'>di·</span> 
     </span>
     <span class='ocr_line' id='line_1_59' title="bbox 367 4310 1070 4367; baseline 0.011 -3"><span class='ocrx_word' id='word_1_477' title='bbox 367 4311 431 4364; x_wconf 88' lang='lat' dir='ltr'>uina</span> <span class='ocrx_word' id='word_1_478' title='bbox 447 4310 535 4365; x_wconf 89' lang='lat' dir='ltr'>oliieia</span> <span class='ocrx_word' id='word_1_479' title='bbox 547 4310 693 4367; x_wconf 76' lang='lat' dir='ltr'>celebrare</span> <span class='ocrx_word' id='word_1_480' title='bbox 1069 4327 1070 4332; x_wconf 74' lang='grc'>’</span> 
     </span>
     <span class='ocr_line' id='line_1_60' title="bbox 402 4398 1156 4474; baseline 0.008 -21"><span class='ocrx_word' id='word_1_481' title='bbox 402 4398 576 4468; x_wconf 80' lang='lat' dir='ltr'>sepulturam</span> <span class='ocrx_word' id='word_1_482' title='bbox 591 4416 700 4474; x_wconf 83' lang='lat' dir='ltr'>quoque</span> <span class='ocrx_word' id='word_1_483' title='bbox 712 4400 799 4474; x_wconf 89' lang='lat' dir='ltr'>ipsius</span> <span class='ocrx_word' id='word_1_484' title='bbox 818 4402 873 4460; x_wconf 93' lang='lat' dir='ltr'>loci</span> <span class='ocrx_word' id='word_1_485' title='bbox 887 4402 1001 4459; x_wconf 85' lang='lat' dir='ltr'>liberam</span> <span class='ocrx_word' id='word_1_486' title='bbox 1013 4419 1075 4462; x_wconf 88' lang='lat' dir='ltr'>esse</span> <span class='ocrx_word' id='word_1_487' title='bbox 1087 4419 1156 4461; x_wconf 88' lang='lat' dir='ltr'>con·</span> 
     </span>
     <span class='ocr_line' id='line_1_61' title="bbox 367 4491 1156 4560; baseline 0.005 -15"><span class='ocrx_word' id='word_1_488' title='bbox 367 4491 501 4558; x_wconf 88' lang='lat' dir='ltr'>cedimus,</span> <span class='ocrx_word' id='word_1_489' title='bbox 516 4500 653 4549; x_wconf 89' lang='lat' dir='ltr'>uteorum</span> <span class='ocrx_word' id='word_1_490' title='bbox 672 4491 812 4548; x_wconf 86' lang='lat' dir='ltr'>devotioni</span> <span class='ocrx_word' id='word_1_491' title='bbox 827 4501 855 4549; x_wconf 92' lang='lat' dir='ltr'>et</span> <span class='ocrx_word' id='word_1_492' title='bbox 868 4502 998 4551; x_wconf 83' lang='lat' dir='ltr'>extremae</span> <span class='ocrx_word' id='word_1_493' title='bbox 1010 4494 1156 4560; x_wconf 80' lang='lat' dir='ltr'>uoluntati,</span> 
     </span>
     <span class='ocr_line' id='line_1_62' title="bbox 367 4582 1156 4654; baseline 0.005 -17"><span class='ocrx_word' id='word_1_494' title='bbox 367 4582 415 4652; x_wconf 86' lang='lat' dir='ltr'>qui</span> <span class='ocrx_word' id='word_1_495' title='bbox 433 4596 463 4638; x_wconf 92' lang='lat' dir='ltr'>se</span> <span class='ocrx_word' id='word_1_496' title='bbox 482 4582 540 4639; x_wconf 86' lang='lat' dir='ltr'>iilic</span> <span class='ocrx_word' id='word_1_497' title='bbox 559 4583 668 4654; x_wconf 88' lang='lat' dir='ltr'>sepeliri</span> <span class='ocrx_word' id='word_1_498' title='bbox 683 4583 872 4650; x_wconf 87' lang='lat' dir='ltr'>deliberarint,</span> <span class='ocrx_word' id='word_1_499' title='bbox 887 4584 942 4642; x_wconf 88' lang='lat' dir='ltr'>nisi</span> <span class='ocrx_word' id='word_1_500' title='bbox 955 4585 1027 4641; x_wconf 83' lang='lat' dir='ltr'>torte</span> <span class='ocrx_word' id='word_1_501' title='bbox 1041 4600 1156 4642; x_wconf 86' lang='lat' dir='ltr'>excom·</span> 
     </span>
    </p>
   </div>
   <div class='ocr_carea' id='block_1_13' title="bbox 1204 3828 2022 4635">
    <p class='ocr_par' dir='ltr' id='par_1_13' title="bbox 1204 3828 2022 4635">
     <span class='ocr_line' id='line_1_63' title="bbox 1204 3828 2022 3903; baseline -0.018 -8"><span class='ocrx_word' id='word_1_502' title='bbox 1204 3839 1313 3903; x_wconf 90' lang='lat' dir='ltr'>siiiaco,</span> <span class='ocrx_word' id='word_1_503' title='bbox 1326 3843 1355 3891; x_wconf 92' lang='lat' dir='ltr'>ct</span> <span class='ocrx_word' id='word_1_504' title='bbox 1370 3844 1458 3891; x_wconf 88' lang='lat' dir='ltr'>terras</span> <span class='ocrx_word' id='word_1_505' title='bbox 1469 3834 1503 3889; x_wconf 88' lang='lat' dir='ltr'>de</span> <span class='ocrx_word' id='word_1_506' title='bbox 1517 3832 1615 3889; x_wconf 74' lang='lat' dir='ltr'>Saeuo.</span> <span class='ocrx_word' id='word_1_507' title='bbox 1628 3830 1800 3887; x_wconf 85' lang='lat' dir='ltr'>iicdietatem</span> <span class='ocrx_word' id='word_1_508' title='bbox 1812 3828 1993 3895; x_wconf 78' lang='lat' dir='ltr'>decimarum,</span> <span class='ocrx_word' id='word_1_509' title='bbox 2018 3847 2022 3854; x_wconf 53' lang='lat'><em>¹</em></span> 
     </span>
     <span class='ocr_line' id='line_1_64' title="bbox 1204 3923 1995 4003; baseline -0.006 -20"><span class='ocrx_word' id='word_1_510' title='bbox 1204 3946 1274 4003; x_wconf 74' lang='lat' dir='ltr'>giras</span> <span class='ocrx_word' id='word_1_511' title='bbox 1290 3928 1448 4001; x_wconf 83' lang='lat' dir='ltr'>paroelriarri</span> <span class='ocrx_word' id='word_1_512' title='bbox 1474 3927 1598 3984; x_wconf 86' lang='lat' dir='ltr'>eeclesiae</span> <span class='ocrx_word' id='word_1_513' title='bbox 1622 3934 1719 3982; x_wconf 82' lang='lat' dir='ltr'>restrae</span> <span class='ocrx_word' id='word_1_514' title='bbox 1732 3924 1901 3996; x_wconf 81' lang='lat' dir='ltr'>persolvunt,</span> <span class='ocrx_word' id='word_1_515' title='bbox 1923 3923 1995 3980; x_wconf 89' lang='lat' dir='ltr'>sicut</span> 
     </span>
     <span class='ocr_line' id='line_1_65' title="bbox 1205 4015 1996 4092; baseline -0.015 -11"><span class='ocrx_word' id='word_1_516' title='bbox 1205 4026 1293 4081; x_wconf 76' lang='lat' dir='ltr'>beate</span> <span class='ocrx_word' id='word_1_517' title='bbox 1317 4022 1456 4078; x_wconf 74' lang='lat' dir='ltr'>memoriae</span> <span class='ocrx_word' id='word_1_518' title='bbox 1483 4020 1670 4092; x_wconf 77' lang='lat' dir='ltr'>praedeeessor</span> <span class='ocrx_word' id='word_1_519' title='bbox 1691 4024 1784 4072; x_wconf 86' lang='lat' dir='ltr'>troster</span> <span class='ocrx_word' id='word_1_520' title='bbox 1808 4015 1996 4080; x_wconf 83' lang='lat' dir='ltr'>mandarit,et</span> 
     </span>
     <span class='ocr_line' id='line_1_66' title="bbox 1206 4106 1994 4177; baseline -0.014 -5"><span class='ocrx_word' id='word_1_521' title='bbox 1206 4118 1293 4172; x_wconf 72' lang='lat' dir='ltr'>beate</span> <span class='ocrx_word' id='word_1_522' title='bbox 1315 4112 1515 4171; x_wconf 85' lang='lat' dir='ltr'>reconlatienis</span> <span class='ocrx_word' id='word_1_523' title='bbox 1541 4109 1663 4166; x_wconf 85' lang='lat' dir='ltr'>loannes</span> <span class='ocrx_word' id='word_1_524' title='bbox 1686 4108 1807 4163; x_wconf 85' lang='lat' dir='ltr'>Polaurrs</span> <span class='ocrx_word' id='word_1_525' title='bbox 1820 4123 1849 4177; x_wconf 84' lang='lat' dir='ltr'>q.</span> <span class='ocrx_word' id='word_1_526' title='bbox 1862 4106 1994 4163; x_wconf 82' lang='lat' dir='ltr'>dioeeesa·</span> 
     </span>
     <span class='ocr_line' id='line_1_67' title="bbox 1206 4197 1995 4277; baseline -0.01 -16"><span class='ocrx_word' id='word_1_527' title='bbox 1206 4222 1259 4261; x_wconf 87' lang='lat' dir='ltr'>nus</span> <span class='ocrx_word' id='word_1_528' title='bbox 1278 4204 1427 4277; x_wconf 85' lang='lat' dir='ltr'>episcopus</span> <span class='ocrx_word' id='word_1_529' title='bbox 1450 4200 1598 4273; x_wconf 79' lang='lat' dir='ltr'>priuilegio.</span> <span class='ocrx_word' id='word_1_530' title='bbox 1617 4215 1669 4255; x_wconf 88' lang='lat' dir='ltr'>sno</span> <span class='ocrx_word' id='word_1_531' title='bbox 1693 4198 1772 4254; x_wconf 90' lang='lat' dir='ltr'>robis</span> <span class='ocrx_word' id='word_1_532' title='bbox 1796 4197 1922 4265; x_wconf 69' lang='lat' dir='ltr'>indulsit,</span> <span class='ocrx_word' id='word_1_533' title='bbox 1940 4205 1995 4253; x_wconf 89' lang='lat' dir='ltr'>tatu</span> 
     </span>
     <span class='ocr_line' id='line_1_68' title="bbox 1206 4288 1994 4366; baseline -0.011 -15"><span class='ocrx_word' id='word_1_534' title='bbox 1206 4311 1257 4366; x_wconf 91' lang='lat' dir='ltr'>pro</span> <span class='ocrx_word' id='word_1_535' title='bbox 1270 4291 1390 4361; x_wconf 88' lang='lat' dir='ltr'>cier&#39;ieis,</span> <span class='ocrx_word' id='word_1_536' title='bbox 1417 4307 1501 4365; x_wconf 84' lang='lat' dir='ltr'>quam</span> <span class='ocrx_word' id='word_1_537' title='bbox 1517 4309 1566 4365; x_wconf 87' lang='lat' dir='ltr'>pro</span> <span class='ocrx_word' id='word_1_538' title='bbox 1582 4291 1737 4348; x_wconf 86' lang='lat' dir='ltr'>sartatectis</span> <span class='ocrx_word' id='word_1_539' title='bbox 1755 4288 1920 4354; x_wconf 77' lang='lat' dir='ltr'>reficiendis,</span> <span class='ocrx_word' id='word_1_540' title='bbox 1944 4303 1994 4343; x_wconf 92' lang='lat' dir='ltr'>an·</span> 
     </span>
     <span class='ocr_line' id='line_1_69' title="bbox 1207 4381 1986 4456; baseline -0.012 -14"><span class='ocrx_word' id='word_1_541' title='bbox 1207 4387 1335 4443; x_wconf 89' lang='lat' dir='ltr'>ctoritate</span> <span class='ocrx_word' id='word_1_542' title='bbox 1348 4386 1429 4441; x_wconf 88' lang='lat' dir='ltr'>robis</span> <span class='ocrx_word' id='word_1_543' title='bbox 1443 4385 1594 4456; x_wconf 85' lang='lat' dir='ltr'>apostolica</span> <span class='ocrx_word' id='word_1_544' title='bbox 1608 4382 1857 4449; x_wconf 73' lang='lat' dir='ltr'>confirmamut;.ct</span> <span class='ocrx_word' id='word_1_545' title='bbox 1872 4381 1939 4438; x_wconf 86' lang='lat' dir='ltr'>utin</span> <span class='ocrx_word' id='word_1_546' title='bbox 1951 4394 1986 4449; x_wconf 88' lang='lat' dir='ltr'>pa</span> 
     </span>
     <span class='ocr_line' id='line_1_70' title="bbox 1207 4470 1996 4544; baseline -0.014 -10"><span class='ocrx_word' id='word_1_547' title='bbox 1207 4478 1354 4534; x_wconf 88' lang='lat' dir='ltr'>roebianos</span> <span class='ocrx_word' id='word_1_548' title='bbox 1381 4483 1498 4542; x_wconf 82' lang='lat' dir='ltr'>uestros,</span> <span class='ocrx_word' id='word_1_549' title='bbox 1514 4473 1561 4544; x_wconf 84' lang='lat' dir='ltr'>qui</span> <span class='ocrx_word' id='word_1_550' title='bbox 1587 4472 1685 4529; x_wconf 67' lang='lat' dir='ltr'>ros‘de</span> <span class='ocrx_word' id='word_1_551' title='bbox 1707 4470 1854 4526; x_wconf 76' lang='lat' dir='ltr'>medietate</span> <span class='ocrx_word' id='word_1_552' title='bbox 1874 4470 1996 4539; x_wconf 86' lang='lat' dir='ltr'>ipsarum</span> 
     </span>
     <span class='ocr_line' id='line_1_71' title="bbox 1207 4559 1997 4635; baseline -0.016 -9"><span class='ocrx_word' id='word_1_553' title='bbox 1207 4568 1377 4626; x_wconf 85' lang='lat' dir='ltr'>decimarum</span> <span class='ocrx_word' id='word_1_554' title='bbox 1402 4565 1565 4633; x_wconf 79' lang='lat' dir='ltr'>defraudare</span> <span class='ocrx_word' id='word_1_555' title='bbox 1589 4561 1824 4635; x_wconf 73' lang='lat' dir='ltr'>presumpserint,</span> <span class='ocrx_word' id='word_1_556' title='bbox 1849 4575 1900 4631; x_wconf 89' lang='lat' dir='ltr'>per</span> <span class='ocrx_word' id='word_1_557' title='bbox 1919 4559 1997 4631; x_wconf 87' lang='lat' dir='ltr'>prio·</span> 
     </span>
    </p>
   </div>
   <div class='ocr_carea' id='block_1_14' title="bbox 367 4650 2032 5023">
    <p class='ocr_par' dir='ltr' id='par_1_14' title="bbox 367 4650 1996 4746">
     <span class='ocr_line' id='line_1_72' title="bbox 367 4650 1996 4746; baseline -0.007 -16"><span class='ocrx_word' id='word_1_558' title='bbox 367 4676 500 4731; x_wconf 65' lang='lat' dir='ltr'>uranicae</span> <span class='ocrx_word' id='word_1_559' title='bbox 515 4676 570 4731; x_wconf 73' lang='lat' dir='ltr'>sint</span> <span class='ocrx_word' id='word_1_560' title='bbox 585 4676 627 4732; x_wconf 81' lang='lat' dir='ltr'>ver</span> <span class='ocrx_word' id='word_1_561' title='bbox 652 4675 801 4743; x_wconf 65' lang='lat' dir='ltr'>rnen-arcu,</span> <span class='ocrx_word' id='word_1_562' title='bbox 819 4676 912 4732; x_wconf 76' lang='lat' dir='ltr'>nultus</span> <span class='ocrx_word' id='word_1_563' title='bbox 929 4676 1057 4746; x_wconf 67' lang='lat' dir='ltr'>merser,</span> <span class='ocrx_word' id='word_1_564' title='bbox 1080 4677 1158 4733; x_wconf 73' lang='lat' dir='ltr'>sarva</span> <span class='ocrx_word' id='word_1_565' title='bbox 1208 4676 1266 4717; x_wconf 76' lang='lat' dir='ltr'>reu</span> <span class='ocrx_word' id='word_1_566' title='bbox 1281 4659 1405 4716; x_wconf 67' lang='lat' dir='ltr'>estete</span> <span class='ocrx_word' id='word_1_567' title='bbox 1428 4666 1528 4714; x_wconf 71' lang='lat' dir='ltr'>vestre</span> <span class='ocrx_word' id='word_1_568' title='bbox 1549 4650 1847 4711; x_wconf 66' lang='lat' dir='ltr'>excommunicemus</span> <span class='ocrx_word' id='word_1_569' title='bbox 1862 4650 1996 4709; x_wconf 68' lang='lat' dir='ltr'>senentis</span> 
     </span>
    </p>

    <p class='ocr_par' dir='ltr' id='par_1_15' title="bbox 368 4742 1996 4839">
     <span class='ocr_line' id='line_1_73' title="bbox 368 4742 1996 4839; baseline -0.007 -18"><span class='ocrx_word' id='word_1_570' title='bbox 368 4777 459 4822; x_wconf 73' lang='lat' dir='ltr'>tannen</span> <span class='ocrx_word' id='word_1_571' title='bbox 472 4767 579 4838; x_wconf 85' lang='lat' dir='ltr'>justitia</span> <span class='ocrx_word' id='word_1_572' title='bbox 595 4768 704 4823; x_wconf 88' lang='lat' dir='ltr'>illarum</span> <span class='ocrx_word' id='word_1_573' title='bbox 718 4767 911 4835; x_wconf 87' lang='lat' dir='ltr'>ecelesiarum,</span> <span class='ocrx_word' id='word_1_574' title='bbox 932 4742 1060 4839; x_wconf 74' lang='lat' dir='ltr'>aquibus</span> <span class='ocrx_word' id='word_1_575' title='bbox 1083 4783 1157 4825; x_wconf 88' lang='lat' dir='ltr'>mor·</span> <span class='ocrx_word' id='word_1_576' title='bbox 1171 4762 1193 4819; x_wconf 91' lang='lat' dir='ltr'>u</span> <span class='ocrx_word' id='word_1_577' title='bbox 1207 4754 1410 4827; x_wconf 62' lang='lat' dir='ltr'>ili⁰fl¹¹¹¹telllis</span> <span class='ocrx_word' id='word_1_578' title='bbox 1428 4750 1458 4807; x_wconf 60' lang='grc' dir='ltr'>οἱ</span> <span class='ocrx_word' id='word_1_579' title='bbox 1478 4750 1587 4835; x_wconf 64' lang='grc' dir='ltr'>ΝΜ</span> <span class='ocrx_word' id='word_1_580' title='bbox 1616 4744 1796 4823; x_wconf 72' lang='lat' dir='ltr'>consedimus</span> <span class='ocrx_word' id='word_1_581' title='bbox 1821 4752 1996 4817; x_wconf 61' lang='lat' dir='ltr'>boleslaum·</span> 
     </span>
    </p>

    <p class='ocr_par' dir='ltr' id='par_1_16' title="bbox 368 4835 2032 5023">
     <span class='ocr_line' id='line_1_74' title="bbox 368 4835 2032 4929; baseline -0.013 -18"><span class='ocrx_word' id='word_1_582' title='bbox 368 4866 479 4912; x_wconf 86' lang='lat' dir='ltr'>tuor-um</span> <span class='ocrx_word' id='word_1_583' title='bbox 496 4873 612 4928; x_wconf 76' lang='lat' dir='ltr'>corpora</span> <span class='ocrx_word' id='word_1_584' title='bbox 626 4866 822 4927; x_wconf 72' lang='lat' dir='ltr'>assumuntur,</span> <span class='ocrx_word' id='word_1_585' title='bbox 838 4866 893 4914; x_wconf 70' lang='lat' dir='ltr'>etc,</span> <span class='ocrx_word' id='word_1_586' title='bbox 1020 4847 1022 4852; x_wconf 82' lang='grc'>’</span> <span class='ocrx_word' id='word_1_587' title='bbox 1208 4844 1440 4917; x_wconf 80' lang='lat' dir='ltr'>quemadmodum</span> <span class='ocrx_word' id='word_1_588' title='bbox 1466 4843 1555 4899; x_wconf 89' lang='lat' dir='ltr'>iclicis</span> <span class='ocrx_word' id='word_1_589' title='bbox 1571 4838 1770 4929; x_wconf 88' lang='lat' dir='ltr'>reeordationis</span> <span class='ocrx_word' id='word_1_590' title='bbox 1781 4835 1997 4908; x_wconf 71' lang='lat' dir='ltr'>predecessores</span> <span class='ocrx_word' id='word_1_591' title='bbox 2028 4924 2032 4928; x_wconf 21' lang='grc' dir='ltr'>ι</span> 
     </span>
     <span class='ocr_line' id='line_1_75' title="bbox 404 4924 1998 5023; baseline -0.014 -18"><span class='ocrx_word' id='word_1_592' title='bbox 404 4949 501 5016; x_wconf 86' lang='lat' dir='ltr'>ilatum</span> <span class='ocrx_word' id='word_1_593' title='bbox 518 4950 656 5013; x_wconf 80' lang='lat' dir='ltr'>Laterani,</span> <span class='ocrx_word' id='word_1_594' title='bbox 674 4966 724 5021; x_wconf 75' lang='lat' dir='ltr'>per</span> <span class='ocrx_word' id='word_1_595' title='bbox 743 4964 856 5005; x_wconf 76' lang='lat' dir='ltr'>manum</span> <span class='ocrx_word' id='word_1_596' title='bbox 871 4949 969 5023; x_wconf 74' lang='lat' dir='ltr'>Moysi,</span> <span class='ocrx_word' id='word_1_597' title='bbox 982 4960 1087 5008; x_wconf 57' lang='lat' dir='ltr'>sanem</span> <span class='ocrx_word' id='word_1_598' title='bbox 1102 4948 1159 5007; x_wconf 69' lang='lat' dir='ltr'>no.</span> <span class='ocrx_word' id='word_1_599' title='bbox 1209 4936 1297 4993; x_wconf 91' lang='lat' dir='ltr'>nostri</span> <span class='ocrx_word' id='word_1_600' title='bbox 1321 4934 1470 5002; x_wconf 72' lang='lat' dir='ltr'>Adrianus,</span> <span class='ocrx_word' id='word_1_601' title='bbox 1494 4932 1658 4998; x_wconf 77' lang='lat' dir='ltr'>Alexander,</span> <span class='ocrx_word' id='word_1_602' title='bbox 1686 4927 1801 4995; x_wconf 86' lang='lat' dir='ltr'>Lucius,</span> <span class='ocrx_word' id='word_1_603' title='bbox 1824 4924 1953 4984; x_wconf 84' lang='lat' dir='ltr'>Urbanus</span> <span class='ocrx_word' id='word_1_604' title='bbox 1969 4934 1998 4982; x_wconf 88' lang='lat' dir='ltr'>et</span> 
     </span>
    </p>
   </div>
   <div class='ocr_carea' id='block_1_15' title="bbox 323 5017 1998 5291">
    <p class='ocr_par' dir='ltr' id='par_1_17' title="bbox 323 5017 1998 5291">
     <span class='ocr_line' id='line_1_76' title="bbox 367 5017 1998 5120; baseline -0.006 -25"><span class='ocrx_word' id='word_1_605' title='bbox 367 5056 457 5097; x_wconf 83' lang='lat' dir='ltr'>martae</span> <span class='ocrx_word' id='word_1_606' title='bbox 472 5040 601 5098; x_wconf 81' lang='lat' dir='ltr'>Ecclesiae</span> <span class='ocrx_word' id='word_1_607' title='bbox 612 5040 788 5107; x_wconf 88' lang='lat' dir='ltr'>subdiaconi,</span> <span class='ocrx_word' id='word_1_608' title='bbox 801 5040 889 5095; x_wconf 89' lang='lat' dir='ltr'>ricem</span> <span class='ocrx_word' id='word_1_609' title='bbox 905 5042 1012 5113; x_wconf 85' lang='lat' dir='ltr'>agentis</span> <span class='ocrx_word' id='word_1_610' title='bbox 1026 5040 1159 5098; x_wconf 83' lang='lat' dir='ltr'>caucella·</span> <span class='ocrx_word' id='word_1_611' title='bbox 1209 5028 1371 5100; x_wconf 63' lang='lat' dir='ltr'>Glitiffllflls</span> <span class='ocrx_word' id='word_1_612' title='bbox 1386 5025 1503 5083; x_wconf 61' lang='lat' dir='ltr'>limini</span> <span class='ocrx_word' id='word_1_613' title='bbox 1528 5024 1681 5095; x_wconf 61' lang='lat' dir='ltr'>iilllfflstds</span> <span class='ocrx_word' id='word_1_614' title='bbox 1697 5019 1806 5090; x_wconf 64' lang='lat' dir='ltr'>wilfi!</span> <span class='ocrx_word' id='word_1_615' title='bbox 1832 5019 1891 5120; x_wconf 54' lang='lat'><strong>{¹¹¹³</strong></span> <span class='ocrx_word' id='word_1_616' title='bbox 1909 5017 1998 5119; x_wconf 61' lang='lat'>{³⁶⁰¹-</span> 
     </span>
     <span class='ocr_line' id='line_1_77' title="bbox 369 5108 1997 5209; baseline -0.012 -25"><span class='ocrx_word' id='word_1_617' title='bbox 369 5130 415 5197; x_wconf 91' lang='lat' dir='ltr'>rii,</span> <span class='ocrx_word' id='word_1_618' title='bbox 429 5146 467 5185; x_wconf 87' lang='lat' dir='ltr'>ru</span> <span class='ocrx_word' id='word_1_619' title='bbox 485 5130 622 5187; x_wconf 81' lang='lat' dir='ltr'>italendas</span> <span class='ocrx_word' id='word_1_620' title='bbox 639 5130 757 5202; x_wconf 69' lang='lat' dir='ltr'>‘Aprilis</span> <span class='ocrx_word' id='word_1_621' title='bbox 776 5129 929 5185; x_wconf 89' lang='lat' dir='ltr'>indictione</span> <span class='ocrx_word' id='word_1_622' title='bbox 940 5146 978 5197; x_wconf 86' lang='lat' dir='ltr'>vr,</span> <span class='ocrx_word' id='word_1_623' title='bbox 992 5125 1160 5187; x_wconf 79' lang='lat' dir='ltr'>iucarnatio-</span> <span class='ocrx_word' id='word_1_624' title='bbox 1209 5120 1280 5175; x_wconf 70' lang='lat' dir='ltr'>sisse</span> <span class='ocrx_word' id='word_1_625' title='bbox 1301 5125 1464 5173; x_wconf 86' lang='lat' dir='ltr'>noscuntur.</span> <span class='ocrx_word' id='word_1_626' title='bbox 1491 5114 1667 5184; x_wconf 70' lang='lat' dir='ltr'>intlultetuus</span> <span class='ocrx_word' id='word_1_627' title='bbox 1681 5119 1764 5165; x_wconf 78' lang='lat' dir='ltr'>ettam</span> <span class='ocrx_word' id='word_1_628' title='bbox 1789 5108 1877 5175; x_wconf 75' lang='lat' dir='ltr'>robis,</span> <span class='ocrx_word' id='word_1_629' title='bbox 1891 5118 1997 5209; x_wconf 32' lang='lat' dir='ltr'>sterit-a</span> 
     </span>
     <span class='ocr_line' id='line_1_78' title="bbox 323 5198 1997 5291; baseline -0.016 -14"><span class='ocrx_word' id='word_1_630' title='bbox 323 5201 331 5216; x_wconf 70' lang='grc'><strong>’</strong></span> <span class='ocrx_word' id='word_1_631' title='bbox 369 5220 413 5277; x_wconf 89' lang='lat' dir='ltr'>nis</span> <span class='ocrx_word' id='word_1_632' title='bbox 427 5230 492 5276; x_wconf 78' lang='lat' dir='ltr'>tero</span> <span class='ocrx_word' id='word_1_633' title='bbox 506 5220 656 5279; x_wconf 82' lang='lat' dir='ltr'>bominicae</span> <span class='ocrx_word' id='word_1_634' title='bbox 678 5220 848 5288; x_wconf 86' lang='lat' dir='ltr'>annoli88,</span> <span class='ocrx_word' id='word_1_635' title='bbox 871 5220 1049 5291; x_wconf 77' lang='lat' dir='ltr'>pontificatus</span> <span class='ocrx_word' id='word_1_636' title='bbox 1066 5228 1158 5275; x_wconf 76' lang='lat' dir='ltr'>autem</span> <span class='ocrx_word' id='word_1_637' title='bbox 1209 5209 1348 5282; x_wconf 73' lang='lat' dir='ltr'>praedictis</span> <span class='ocrx_word' id='word_1_638' title='bbox 1362 5204 1585 5262; x_wconf 85' lang='lat' dir='ltr'>antecessoribus</span> <span class='ocrx_word' id='word_1_639' title='bbox 1598 5200 1702 5257; x_wconf 88' lang='lat' dir='ltr'>nostris</span> <span class='ocrx_word' id='word_1_640' title='bbox 1723 5198 1859 5253; x_wconf 91' lang='lat' dir='ltr'>indultum</span> <span class='ocrx_word' id='word_1_641' title='bbox 1876 5212 1938 5254; x_wconf 85' lang='lat' dir='ltr'>essc</span> <span class='ocrx_word' id='word_1_642' title='bbox 1953 5199 1997 5252; x_wconf 85' lang='lat' dir='ltr'>dr·</span> 
     </span>
    </p>
   </div>
   <div class='ocr_carea' id='block_1_16' title="bbox 368 5289 1998 5481">
    <p class='ocr_par' dir='ltr' id='par_1_18' title="bbox 368 5289 1998 5481">
     <span class='ocr_line' id='line_1_79' title="bbox 368 5289 1998 5383; baseline -0.013 -17"><span class='ocrx_word' id='word_1_643' title='bbox 368 5308 462 5366; x_wconf 88' lang='lat' dir='ltr'>domni</span> <span class='ocrx_word' id='word_1_644' title='bbox 477 5308 627 5365; x_wconf 87' lang='lat' dir='ltr'>Clementis</span> <span class='ocrx_word' id='word_1_645' title='bbox 638 5325 715 5381; x_wconf 75' lang='lat' dir='ltr'>pape</span> <span class='ocrx_word' id='word_1_646' title='bbox 727 5309 772 5378; x_wconf 95' lang='lat' dir='ltr'>ili,</span> <span class='ocrx_word' id='word_1_647' title='bbox 791 5324 864 5376; x_wconf 79' lang='lat' dir='ltr'>annu</span> <span class='ocrx_word' id='word_1_648' title='bbox 879 5309 979 5383; x_wconf 87' lang='lat' dir='ltr'>primo.</span> <span class='ocrx_word' id='word_1_649' title='bbox 1173 5354 1178 5365; x_wconf 84' lang='lat'>,</span> <span class='ocrx_word' id='word_1_650' title='bbox 1210 5302 1394 5375; x_wconf 87' lang='lat' dir='ltr'>gnoseitur,ut</span> <span class='ocrx_word' id='word_1_651' title='bbox 1411 5299 1487 5369; x_wconf 90' lang='lat' dir='ltr'>prior</span> <span class='ocrx_word' id='word_1_652' title='bbox 1500 5295 1554 5352; x_wconf 88' lang='lat' dir='ltr'>loci</span> <span class='ocrx_word' id='word_1_653' title='bbox 1568 5292 1653 5350; x_wconf 79' lang='lat' dir='ltr'>nestri</span> <span class='ocrx_word' id='word_1_654' title='bbox 1669 5291 1716 5364; x_wconf 84' lang='lat' dir='ltr'>qui</span> <span class='ocrx_word' id='word_1_655' title='bbox 1731 5304 1783 5361; x_wconf 90' lang='lat' dir='ltr'>pro</span> <span class='ocrx_word' id='word_1_656' title='bbox 1797 5298 1920 5361; x_wconf 91' lang='lat' dir='ltr'>tempore</span> <span class='ocrx_word' id='word_1_657' title='bbox 1938 5289 1998 5345; x_wconf 83' lang='lat' dir='ltr'>iuc-</span> 
     </span>
     <span class='ocr_line' id='line_1_80' title="bbox 735 5384 1996 5481; baseline -0.021 -17"><span class='ocrx_word' id='word_1_658' title='bbox 735 5424 792 5481; x_wconf 50' lang='grc' dir='ltr'>χι,</span> <span class='ocrx_word' id='word_1_659' title='bbox 1209 5398 1256 5462; x_wconf 86' lang='lat' dir='ltr'>rit,</span> <span class='ocrx_word' id='word_1_660' title='bbox 1283 5408 1334 5464; x_wconf 93' lang='lat' dir='ltr'>pro</span> <span class='ocrx_word' id='word_1_661' title='bbox 1351 5392 1421 5462; x_wconf 87' lang='lat' dir='ltr'>ipsis</span> <span class='ocrx_word' id='word_1_662' title='bbox 1447 5388 1562 5446; x_wconf 88' lang='lat' dir='ltr'>decimis</span> <span class='ocrx_word' id='word_1_663' title='bbox 1588 5388 1673 5443; x_wconf 91' lang='lat' dir='ltr'>iibere</span> <span class='ocrx_word' id='word_1_664' title='bbox 1688 5385 1777 5456; x_wconf 87' lang='lat' dir='ltr'>possit</span> <span class='ocrx_word' id='word_1_665' title='bbox 1800 5384 1996 5449; x_wconf 79' lang='lat' dir='ltr'>securitaten,</span> 
     </span>
    </p>
   </div>
   <div class='ocr_carea' id='block_1_17' title="bbox 372 5486 2016 5660">
    <p class='ocr_par' dir='ltr' id='par_1_19' title="bbox 372 5486 2016 5660">
     <span class='ocr_line' id='line_1_81' title="bbox 372 5486 1695 5588; baseline -0.008 -15"><span class='ocrx_word' id='word_1_666' title='bbox 372 5516 520 5573; x_wconf 83' lang='lat' dir='ltr'>Ecclesiam</span> <span class='ocrx_word' id='word_1_667' title='bbox 543 5515 573 5573; x_wconf 86' lang='lat' dir='ltr'>S.</span> <span class='ocrx_word' id='word_1_668' title='bbox 587 5515 737 5575; x_wconf 67' lang='lat' dir='ltr'>&amp;leoteria</span> <span class='ocrx_word' id='word_1_669' title='bbox 756 5515 881 5573; x_wconf 67' lang='lat' dir='ltr'>rmum</span> <span class='ocrx_word' id='word_1_670' title='bbox 898 5519 1025 5574; x_wconf 72' lang='lat' dir='ltr'>tuendam</span> <span class='ocrx_word' id='word_1_671' title='bbox 1046 5518 1158 5588; x_wconf 80' lang='lat' dir='ltr'>rescipit</span> <span class='ocrx_word' id='word_1_672' title='bbox 1207 5489 1405 5588; x_wconf 59' lang='lat' dir='ltr'>5⁰¹¹J¹¹¹⁰⁰¹⁰m</span> <span class='ocrx_word' id='word_1_673' title='bbox 1418 5486 1659 5551; x_wconf 48' lang='lat' dir='ltr'><strong>mmmm·</strong></span> <span class='ocrx_word' id='word_1_674' title='bbox 1689 5566 1695 5579; x_wconf 57' lang='grc'>,</span> 
     </span>
     <span class='ocr_line' id='line_1_82' title="bbox 441 5564 2016 5660; baseline -0.017 -18"><span class='ocrx_word' id='word_1_675' title='bbox 441 5598 465 5642; x_wconf 85' lang='lat' dir='ltr'>et</span> <span class='ocrx_word' id='word_1_676' title='bbox 477 5588 534 5658; x_wconf 79' lang='lat' dir='ltr'>ejus</span> <span class='ocrx_word' id='word_1_677' title='bbox 544 5589 722 5657; x_wconf 77' lang='lat' dir='ltr'>porrectiones</span> <span class='ocrx_word' id='word_1_678' title='bbox 737 5587 924 5660; x_wconf 65' lang='lat' dir='ltr'>privilegioque</span> <span class='ocrx_word' id='word_1_679' title='bbox 936 5588 1086 5660; x_wconf 76' lang='lat' dir='ltr'>confirmet.</span> <span class='ocrx_word' id='word_1_680' title='bbox 1179 5592 1186 5598; x_wconf 88' lang='lat'>·</span> <span class='ocrx_word' id='word_1_681' title='bbox 1244 5574 1338 5631; x_wconf 81' lang='lat' dir='ltr'>Liceat</span> <span class='ocrx_word' id='word_1_682' title='bbox 1354 5583 1465 5644; x_wconf 83' lang='lat' dir='ltr'>quoque</span> <span class='ocrx_word' id='word_1_683' title='bbox 1479 5569 1570 5632; x_wconf 86' lang='lat' dir='ltr'>uobts,</span> <span class='ocrx_word' id='word_1_684' title='bbox 1585 5575 1616 5623; x_wconf 92' lang='lat' dir='ltr'>ut</span> <span class='ocrx_word' id='word_1_685' title='bbox 1629 5567 1697 5623; x_wconf 88' lang='lat' dir='ltr'>nulir</span> <span class='ocrx_word' id='word_1_686' title='bbox 1716 5564 1832 5621; x_wconf 88' lang='lat' dir='ltr'>iratrum</span> <span class='ocrx_word' id='word_1_687' title='bbox 1843 5572 2016 5633; x_wconf 75' lang='lat' dir='ltr'>vestrorunt¹</span> 
     </span>
    </p>
   </div>
   <div class='ocr_carea' id='block_1_18' title="bbox 373 5657 2060 6125">
    <p class='ocr_par' dir='ltr' id='par_1_20' title="bbox 618 5657 1997 5763">
     <span class='ocr_line' id='line_1_83' title="bbox 618 5657 1997 5763; baseline -0.018 -28"><span class='ocrx_word' id='word_1_688' title='bbox 618 5678 769 5749; x_wconf 58' lang='lat' dir='ltr'>tisaterani,</span> <span class='ocrx_word' id='word_1_689' title='bbox 782 5678 862 5735; x_wconf 89' lang='lat' dir='ltr'>liart.</span> <span class='ocrx_word' id='word_1_690' title='bbox 875 5679 935 5753; x_wconf 78' lang='lat'><strong>28.)</strong></span> <span class='ocrx_word' id='word_1_691' title='bbox 1209 5677 1273 5744; x_wconf 93' lang='lat' dir='ltr'>post</span> <span class='ocrx_word' id='word_1_692' title='bbox 1285 5667 1388 5725; x_wconf 86' lang='lat' dir='ltr'>iactam</span> <span class='ocrx_word' id='word_1_693' title='bbox 1400 5666 1428 5720; x_wconf 90' lang='lat' dir='ltr'>iu</span> <span class='ocrx_word' id='word_1_694' title='bbox 1442 5662 1539 5720; x_wconf 89' lang='lat' dir='ltr'>eodem</span> <span class='ocrx_word' id='word_1_695' title='bbox 1552 5661 1614 5717; x_wconf 90' lang='lat' dir='ltr'>iooo</span> <span class='ocrx_word' id='word_1_696' title='bbox 1626 5657 1838 5763; x_wconf 73' lang='lat' dir='ltr'>proicssiouetu,</span> <span class='ocrx_word' id='word_1_697' title='bbox 1848 5658 1909 5715; x_wconf 87' lang='lat' dir='ltr'>sine</span> <span class='ocrx_word' id='word_1_698' title='bbox 1923 5657 1997 5762; x_wconf 79' lang='lat' dir='ltr'>prio-</span> 
     </span>
    </p>

    <p class='ocr_par' dir='ltr' id='par_1_21' title="bbox 373 5748 2060 6125">
     <span class='ocr_line' id='line_1_84' title="bbox 461 5748 1997 5855; baseline -0.016 -27"><span class='ocrx_word' id='word_1_699' title='bbox 461 5771 627 5845; x_wconf 83' lang='lat' dir='ltr'>[Connstrus</span> <span class='ocrx_word' id='word_1_700' title='bbox 641 5770 768 5827; x_wconf 79' lang='lat' dir='ltr'>Ecclrrioe</span> <span class='ocrx_word' id='word_1_701' title='bbox 784 5769 901 5837; x_wconf 83' lang='lat' dir='ltr'>i&#39;eueloe,</span> <span class='ocrx_word' id='word_1_702' title='bbox 920 5769 992 5838; x_wconf 86' lang='lat' dir='ltr'>liiii,</span> <span class='ocrx_word' id='word_1_703' title='bbox 1010 5769 1085 5843; x_wconf 64' lang='lat' dir='ltr'>lli]</span> <span class='ocrx_word' id='word_1_704' title='bbox 1210 5762 1250 5818; x_wconf 89' lang='lat' dir='ltr'>ris</span> <span class='ocrx_word' id='word_1_705' title='bbox 1264 5759 1323 5817; x_wconf 90' lang='lat' dir='ltr'>suis</span> <span class='ocrx_word' id='word_1_706' title='bbox 1347 5756 1459 5814; x_wconf 91' lang='lat' dir='ltr'>licentia</span> <span class='ocrx_word' id='word_1_707' title='bbox 1474 5754 1517 5809; x_wconf 86' lang='lat' dir='ltr'>ias</span> <span class='ocrx_word' id='word_1_708' title='bbox 1530 5752 1567 5808; x_wconf 89' lang='lat' dir='ltr'>sit</span> <span class='ocrx_word' id='word_1_709' title='bbox 1588 5752 1624 5810; x_wconf 87' lang='lat' dir='ltr'>de</span> <span class='ocrx_word' id='word_1_710' title='bbox 1647 5753 1769 5809; x_wconf 80' lang='lat' dir='ltr'>elaustro</span> <span class='ocrx_word' id='word_1_711' title='bbox 1781 5750 1933 5855; x_wconf 77' lang='lat' dir='ltr'>discedere.</span> <span class='ocrx_word' id='word_1_712' title='bbox 1947 5748 1997 5806; x_wconf 88' lang='lat' dir='ltr'>ilt-</span> 
     </span>
     <span class='ocr_line' id='line_1_85' title="bbox 407 5844 1997 5946; baseline -0.007 -29"><span class='ocrx_word' id='word_1_713' title='bbox 407 5862 533 5919; x_wconf 83' lang='lat' dir='ltr'>Ctsucus</span> <span class='ocrx_word' id='word_1_714' title='bbox 548 5862 704 5933; x_wconf 87' lang='lat' dir='ltr'>episcopus,</span> <span class='ocrx_word' id='word_1_715' title='bbox 717 5876 814 5917; x_wconf 84' lang='lat' dir='ltr'>seruus</span> <span class='ocrx_word' id='word_1_716' title='bbox 826 5876 966 5917; x_wconf 88' lang='lat' dir='ltr'>serrorum</span> <span class='ocrx_word' id='word_1_717' title='bbox 979 5861 1041 5925; x_wconf 83' lang='lat' dir='ltr'>bct,</span> <span class='ocrx_word' id='word_1_718' title='bbox 1052 5845 1160 5918; x_wconf 82' lang='lat' dir='ltr'>dilectis</span> <span class='ocrx_word' id='word_1_719' title='bbox 1192 5852 1365 5909; x_wconf 68' lang='lat' dir='ltr'>&#39;seedenlem</span> <span class='ocrx_word' id='word_1_720' title='bbox 1388 5846 1527 5903; x_wconf 59' lang='lat' dir='ltr'>lemine</span> <span class='ocrx_word' id='word_1_721' title='bbox 1551 5844 1704 5900; x_wconf 56' lang='lat' dir='ltr'>limium</span> <span class='ocrx_word' id='word_1_722' title='bbox 1725 5857 1915 5909; x_wconf 62' lang='lat' dir='ltr'>immitium</span> <span class='ocrx_word' id='word_1_723' title='bbox 1930 5857 1997 5946; x_wconf 55' lang='grc' dir='ltr'>Ψ·</span> 
     </span>
     <span class='ocr_line' id='line_1_86' title="bbox 373 5935 2060 6042; baseline -0.014 -33"><span class='ocrx_word' id='word_1_724' title='bbox 373 5955 437 6010; x_wconf 90' lang='lat' dir='ltr'>liliis</span> <span class='ocrx_word' id='word_1_725' title='bbox 453 5955 605 6021; x_wconf 80' lang='lat' dir='ltr'>Guseotno,</span> <span class='ocrx_word' id='word_1_726' title='bbox 621 5951 704 6025; x_wconf 92' lang='lat' dir='ltr'>priori</span> <span class='ocrx_word' id='word_1_727' title='bbox 721 5952 843 6010; x_wconf 87' lang='lat' dir='ltr'>ecciesiae</span> <span class='ocrx_word' id='word_1_728' title='bbox 854 5950 948 6009; x_wconf 83' lang='lat' dir='ltr'>Sancti</span> <span class='ocrx_word' id='word_1_729' title='bbox 962 5951 1112 6009; x_wconf 77' lang='lat' dir='ltr'>saltatoris</span> <span class='ocrx_word' id='word_1_730' title='bbox 1125 5952 1160 6007; x_wconf 90' lang='lat' dir='ltr'>de</span> <span class='ocrx_word' id='word_1_731' title='bbox 1210 5945 1285 6003; x_wconf 90' lang='lat' dir='ltr'>tione</span> <span class='ocrx_word' id='word_1_732' title='bbox 1295 5944 1388 6002; x_wconf 86' lang='lat' dir='ltr'>nuilus</span> <span class='ocrx_word' id='word_1_733' title='bbox 1410 5939 1510 5995; x_wconf 64' lang='lat' dir='ltr'>auolat</span> <span class='ocrx_word' id='word_1_734' title='bbox 1528 5937 1656 5993; x_wconf 83' lang='lat' dir='ltr'>retinere.</span> <span class='ocrx_word' id='word_1_735' title='bbox 1671 5935 1808 6037; x_wconf 71' lang='lat' dir='ltr'>Praeterea</span> <span class='ocrx_word' id='word_1_736' title='bbox 1822 5942 1997 6042; x_wconf 61' lang='lat' dir='ltr'>mamaeam,</span> <span class='ocrx_word' id='word_1_737' title='bbox 2058 5980 2060 5984; x_wconf 79' lang='grc'>,</span> 
     </span>
     <span class='ocr_line' id='line_1_87' title="bbox 374 6022 1998 6125; baseline -0.014 -24"><span class='ocrx_word' id='word_1_738' title='bbox 374 6046 509 6116; x_wconf 82' lang='lat' dir='ltr'>iliroalto,</span> <span class='ocrx_word' id='word_1_739' title='bbox 525 6046 639 6119; x_wconf 81' lang='lat' dir='ltr'>ejusque</span> <span class='ocrx_word' id='word_1_740' title='bbox 659 6044 801 6113; x_wconf 83' lang='lat' dir='ltr'>iratribus,</span> <span class='ocrx_word' id='word_1_741' title='bbox 813 6054 869 6101; x_wconf 88' lang='lat' dir='ltr'>tarn</span> <span class='ocrx_word' id='word_1_742' title='bbox 881 6044 1061 6114; x_wconf 86' lang='lat' dir='ltr'>praesentibus</span> <span class='ocrx_word' id='word_1_743' title='bbox 1075 6043 1159 6109; x_wconf 81' lang='lat' dir='ltr'>uuam</span> <span class='ocrx_word' id='word_1_744' title='bbox 1210 6053 1293 6109; x_wconf 79' lang='lat' dir='ltr'>uuam</span> <span class='ocrx_word' id='word_1_745' title='bbox 1318 6030 1481 6093; x_wconf 81' lang='lat' dir='ltr'>uenerabilis</span> <span class='ocrx_word' id='word_1_746' title='bbox 1507 6027 1591 6086; x_wconf 86' lang='lat' dir='ltr'>irater</span> <span class='ocrx_word' id='word_1_747' title='bbox 1606 6034 1701 6085; x_wconf 87' lang='lat' dir='ltr'>noster</span> <span class='ocrx_word' id='word_1_748' title='bbox 1728 6023 1862 6083; x_wconf 88' lang='lat' dir='ltr'>lienrrcus</span> <span class='ocrx_word' id='word_1_749' title='bbox 1875 6022 1998 6125; x_wconf 80' lang='lat' dir='ltr'>braden·</span> 
     </span>
    </p>
   </div>
   <div class='ocr_carea' id='block_1_19' title="bbox 0 0 2324 6756">
    <p class='ocr_par' dir='ltr' id='par_1_22' title="bbox 0 0 2324 6756">
     <span class='ocr_line' id='line_1_88' title="bbox 0 0 2324 6756; baseline 0 0"><span class='ocrx_word' id='word_1_750' title='bbox 0 0 2324 6756; x_wconf 95' lang='lat' dir='ltr'> </span> 
     </span>
    </p>
   </div>
  </div>
 </body>
</html>
