<?xml version="1.0" encoding="UTF-8"?>
<!DOCTYPE html PUBLIC "-//W3C//DTD XHTML 1.0 Transitional//EN"
    "http://www.w3.org/TR/xhtml1/DTD/xhtml1-transitional.dtd">
<html xmlns="http://www.w3.org/1999/xhtml" xml:lang="en" lang="en">
 <head>
  <title>
</title>
<meta http-equiv="Content-Type" content="text/html;charset=utf-8" />
  <meta name='ocr-system' content='tesseract 3.04.00' />
  <meta name='ocr-capabilities' content='ocr_page ocr_carea ocr_par ocr_line ocrx_word'/>
</head>
<body>
  <div class='ocr_page' id='page_1' title='image "./patrologiaecurs97unkngoog/patrologiaecurs97unkngoog_0725.png"; bbox 0 0 4584 6767; ppageno 0'>
   <div class='ocr_carea' id='block_1_1' title="bbox 221 5575 1186 5694">
    <p class='ocr_par' dir='ltr' id='par_1_1' title="bbox 221 5575 1186 5694">
     <span class='ocr_line' id='line_1_1' title="bbox 221 5575 1186 5694; baseline 0.011 -64"><span class='ocrx_word' id='word_1_1' title='bbox 221 5593 225 5600; x_wconf 94' lang='lat'>·</span> <span class='ocrx_word' id='word_1_2' title='bbox 324 5576 417 5632; x_wconf 80' lang='lat' dir='ltr'>omrrie</span> <span class='ocrx_word' id='word_1_3' title='bbox 443 5575 549 5646; x_wconf 77' lang='lat' dir='ltr'>integro</span> <span class='ocrx_word' id='word_1_4' title='bbox 571 5588 768 5633; x_wconf 81' lang='lat' dir='ltr'>conserventur</span> <span class='ocrx_word' id='word_1_5' title='bbox 795 5594 902 5648; x_wconf 90' lang='lat' dir='ltr'>corum,</span> <span class='ocrx_word' id='word_1_6' title='bbox 921 5596 972 5651; x_wconf 91' lang='lat' dir='ltr'>pro</span> <span class='ocrx_word' id='word_1_7' title='bbox 995 5598 1186 5694; x_wconf 62' lang='lat' dir='ltr'>quorumA</span> 
     </span>
    </p>
   </div>
   <div class='ocr_carea' id='block_1_2' title="bbox 359 593 2005 655">
    <p class='ocr_par' dir='ltr' id='par_1_2' title="bbox 359 561 2005 655">
     <span class='ocr_line' id='line_1_2' title="bbox 359 593 2005 655; baseline -0.002 -4"><span class='ocrx_word' id='word_1_8' title='bbox 359 595 430 655; x_wconf 79' lang='lat' dir='ltr'>isso</span> <span class='ocrx_word' id='word_1_9' title='bbox 986 594 1187 655; x_wconf 71' lang='lat' dir='ltr'>occursus</span> <span class='ocrx_word' id='word_1_10' title='bbox 1205 594 1238 652; x_wconf 91' lang='grc' dir='ltr'>ιιι</span> <span class='ocrx_word' id='word_1_11' title='bbox 1256 593 1358 651; x_wconf 76' lang='lat' dir='ltr'>orem</span> <span class='ocrx_word' id='word_1_12' title='bbox 1794 635 1797 642; x_wconf 95' lang='lat'><em>.</em></span> <span class='ocrx_word' id='word_1_13' title='bbox 1958 594 2005 649; x_wconf 81' lang='lat' dir='ltr'>mr</span> 
     </span>
    </p>
   </div>
   <div class='ocr_carea' id='block_1_3' title="bbox 347 709 2004 1799">
    <p class='ocr_par' dir='ltr' id='par_1_3' title="bbox 351 709 2004 1431">
     <span class='ocr_line' id='line_1_3' title="bbox 355 709 2002 787; baseline -0.003 -13"><span class='ocrx_word' id='word_1_14' title='bbox 355 716 468 774; x_wconf 77' lang='lat' dir='ltr'>natione</span> <span class='ocrx_word' id='word_1_15' title='bbox 494 724 522 772; x_wconf 93' lang='lat' dir='ltr'>et</span> <span class='ocrx_word' id='word_1_16' title='bbox 543 714 726 787; x_wconf 86' lang='lat' dir='ltr'>dispositione</span> <span class='ocrx_word' id='word_1_17' title='bbox 741 722 835 771; x_wconf 83' lang='lat' dir='ltr'>vestra</span> <span class='ocrx_word' id='word_1_18' title='bbox 851 713 997 782; x_wconf 85' lang='lat' dir='ltr'>consistat,</span> <span class='ocrx_word' id='word_1_19' title='bbox 1010 714 1265 779; x_wconf 73' lang='lat' dir='ltr'>devotioniAeam</span> <span class='ocrx_word' id='word_1_20' title='bbox 1284 723 1387 769; x_wconf 87' lang='lat' dir='ltr'>temcre</span> <span class='ocrx_word' id='word_1_21' title='bbox 1411 710 1504 769; x_wconf 84' lang='lat' dir='ltr'>venire</span> <span class='ocrx_word' id='word_1_22' title='bbox 1532 713 1700 778; x_wconf 83' lang='lat' dir='ltr'>tentarerit,</span> <span class='ocrx_word' id='word_1_23' title='bbox 1733 709 1879 769; x_wconf 85' lang='lat' dir='ltr'>secundo</span> <span class='ocrx_word' id='word_1_24' title='bbox 1915 713 2002 769; x_wconf 72' lang='grc' dir='ltr'><strong>ιειιίιιι</strong></span> 
     </span>
     <span class='ocr_line' id='line_1_4' title="bbox 354 804 2003 878; baseline -0.001 -15"><span class='ocrx_word' id='word_1_25' title='bbox 354 817 453 863; x_wconf 77' lang='lat' dir='ltr'>restrae</span> <span class='ocrx_word' id='word_1_26' title='bbox 470 807 619 878; x_wconf 85' lang='lat' dir='ltr'>apostolica</span> <span class='ocrx_word' id='word_1_27' title='bbox 644 805 809 862; x_wconf 87' lang='lat' dir='ltr'>auctoritate</span> <span class='ocrx_word' id='word_1_28' title='bbox 830 805 1038 861; x_wconf 72' lang='lat' dir='ltr'>confirmamus.</span> <span class='ocrx_word' id='word_1_29' title='bbox 1055 805 1093 860; x_wconf 82' lang='lat' dir='ltr'>lic</span> <span class='ocrx_word' id='word_1_30' title='bbox 1109 804 1152 858; x_wconf 87' lang='lat' dir='ltr'>ri·</span> <span class='ocrx_word' id='word_1_31' title='bbox 1202 806 1391 873; x_wconf 79' lang='lat' dir='ltr'>commonita,</span> <span class='ocrx_word' id='word_1_32' title='bbox 1421 804 1475 862; x_wconf 89' lang='lat' dir='ltr'>nisi</span> <span class='ocrx_word' id='word_1_33' title='bbox 1504 814 1610 860; x_wconf 89' lang='lat' dir='ltr'>reatum</span> <span class='ocrx_word' id='word_1_34' title='bbox 1638 820 1726 862; x_wconf 85' lang='lat' dir='ltr'>suurn</span> <span class='ocrx_word' id='word_1_35' title='bbox 1754 820 1896 877; x_wconf 82' lang='lat' dir='ltr'>congrua</span> <span class='ocrx_word' id='word_1_36' title='bbox 1921 805 2003 862; x_wconf 69' lang='lat' dir='ltr'>satiris</span> 
     </span>
     <span class='ocr_line' id='line_1_5' title="bbox 353 895 2000 971; baseline -0.002 -17"><span class='ocrx_word' id='word_1_37' title='bbox 353 910 399 955; x_wconf 91' lang='lat' dir='ltr'>ctu</span> <span class='ocrx_word' id='word_1_38' title='bbox 415 901 497 955; x_wconf 90' lang='lat' dir='ltr'>etiam</span> <span class='ocrx_word' id='word_1_39' title='bbox 514 898 757 971; x_wconf 85' lang='lat' dir='ltr'>quadragesinmli,</span> <span class='ocrx_word' id='word_1_40' title='bbox 772 912 854 968; x_wconf 89' lang='lat' dir='ltr'>quem</span> <span class='ocrx_word' id='word_1_41' title='bbox 880 898 1028 968; x_wconf 89' lang='lat' dir='ltr'>episcopus</span> <span class='ocrx_word' id='word_1_42' title='bbox 1050 897 1077 952; x_wconf 92' lang='lat' dir='ltr'>in</span> <span class='ocrx_word' id='word_1_43' title='bbox 1103 912 1150 952; x_wconf 89' lang='lat' dir='ltr'>cc·</span> <span class='ocrx_word' id='word_1_44' title='bbox 1202 898 1294 953; x_wconf 91' lang='lat' dir='ltr'>ctione</span> <span class='ocrx_word' id='word_1_45' title='bbox 1311 896 1474 964; x_wconf 85' lang='lat' dir='ltr'>correxerit,</span> <span class='ocrx_word' id='word_1_46' title='bbox 1487 895 1633 966; x_wconf 84' lang='lat' dir='ltr'>potestatis</span> <span class='ocrx_word' id='word_1_47' title='bbox 1651 895 1845 967; x_wconf 79' lang='lat' dir='ltr'>honorisque</span> <span class='ocrx_word' id='word_1_48' title='bbox 1864 897 1912 953; x_wconf 87' lang='lat' dir='ltr'>sui</span> <span class='ocrx_word' id='word_1_49' title='bbox 1930 898 2000 970; x_wconf 78' lang='lat' dir='ltr'>digri</span> 
     </span>
     <span class='ocr_line' id='line_1_6' title="bbox 353 987 2002 1061; baseline -0.001 -14"><span class='ocrx_word' id='word_1_50' title='bbox 353 994 435 1047; x_wconf 75' lang='lat' dir='ltr'>clusio</span> <span class='ocrx_word' id='word_1_51' title='bbox 449 1000 541 1048; x_wconf 85' lang='lat' dir='ltr'>vestra</span> <span class='ocrx_word' id='word_1_52' title='bbox 566 990 716 1061; x_wconf 91' lang='lat' dir='ltr'>aliquando</span> <span class='ocrx_word' id='word_1_53' title='bbox 742 989 850 1054; x_wconf 88' lang='lat' dir='ltr'>babuit,</span> <span class='ocrx_word' id='word_1_54' title='bbox 868 989 941 1045; x_wconf 91' lang='lat' dir='ltr'>unde</span> <span class='ocrx_word' id='word_1_55' title='bbox 958 989 1150 1045; x_wconf 84' lang='lat' dir='ltr'>contrutiours</span> <span class='ocrx_word' id='word_1_56' title='bbox 1199 997 1257 1044; x_wconf 80' lang='lat' dir='ltr'>tete</span> <span class='ocrx_word' id='word_1_57' title='bbox 1284 998 1377 1043; x_wconf 88' lang='lat' dir='ltr'>careat</span> <span class='ocrx_word' id='word_1_58' title='bbox 1392 1003 1523 1059; x_wconf 77' lang='lat' dir='ltr'>reamque</span> <span class='ocrx_word' id='word_1_59' title='bbox 1539 1003 1570 1044; x_wconf 88' lang='lat' dir='ltr'>se</span> <span class='ocrx_word' id='word_1_60' title='bbox 1589 987 1684 1044; x_wconf 83' lang='lat' dir='ltr'>divino</span> <span class='ocrx_word' id='word_1_61' title='bbox 1709 988 1832 1059; x_wconf 81' lang='lat' dir='ltr'>judicio</span> <span class='ocrx_word' id='word_1_62' title='bbox 1847 989 2002 1046; x_wconf 62' lang='lat' dir='ltr'>existere&amp;</span> 
     </span>
     <span class='ocr_line' id='line_1_7' title="bbox 353 1065 2002 1156; baseline -0.002 -17"><span class='ocrx_word' id='word_1_63' title='bbox 353 1095 380 1139; x_wconf 89' lang='lat' dir='ltr'>ct</span> <span class='ocrx_word' id='word_1_64' title='bbox 395 1086 491 1156; x_wconf 88' lang='lat' dir='ltr'>religio</span> <span class='ocrx_word' id='word_1_65' title='bbox 507 1094 597 1139; x_wconf 87' lang='lat' dir='ltr'>restra</span> <span class='ocrx_word' id='word_1_66' title='bbox 623 1099 677 1140; x_wconf 91' lang='lat' dir='ltr'>nou</span> <span class='ocrx_word' id='word_1_67' title='bbox 704 1083 843 1138; x_wconf 91' lang='lat' dir='ltr'>modicum</span> <span class='ocrx_word' id='word_1_68' title='bbox 866 1082 970 1137; x_wconf 85' lang='lat' dir='ltr'>turbari</span> <span class='ocrx_word' id='word_1_69' title='bbox 993 1082 1149 1149; x_wconf 85' lang='lat' dir='ltr'>consucvit,</span> <span class='ocrx_word' id='word_1_70' title='bbox 1201 1087 1356 1151; x_wconf 87' lang='lat' dir='ltr'>perpetrata</span> <span class='ocrx_word' id='word_1_71' title='bbox 1373 1078 1518 1149; x_wconf 73' lang='lat' dir='ltr'>iniquitate</span> <span class='ocrx_word' id='word_1_72' title='bbox 1535 1065 1696 1151; x_wconf 82' lang='lat' dir='ltr'>cognoscat,</span> <span class='ocrx_word' id='word_1_73' title='bbox 1714 1088 1748 1135; x_wconf 85' lang='lat' dir='ltr'>et</span> <span class='ocrx_word' id='word_1_74' title='bbox 1776 1094 1795 1135; x_wconf 84' lang='lat' dir='ltr'>a</span> <span class='ocrx_word' id='word_1_75' title='bbox 1822 1081 2002 1136; x_wconf 75' lang='lat' dir='ltr'>saeratissinr</span> 
     </span>
     <span class='ocr_line' id='line_1_8' title="bbox 351 1168 2003 1244; baseline -0.003 -13"><span class='ocrx_word' id='word_1_76' title='bbox 351 1176 501 1231; x_wconf 70' lang='lat' dir='ltr'>statuimus</span> <span class='ocrx_word' id='word_1_77' title='bbox 517 1183 557 1241; x_wconf 93' lang='lat' dir='ltr'>ut,</span> <span class='ocrx_word' id='word_1_78' title='bbox 573 1174 712 1244; x_wconf 86' lang='lat' dir='ltr'>sicutjam</span> <span class='ocrx_word' id='word_1_79' title='bbox 727 1173 976 1243; x_wconf 89' lang='lat' dir='ltr'>dictusepiscopus</span> <span class='ocrx_word' id='word_1_80' title='bbox 996 1171 1150 1227; x_wconf 85' lang='lat' dir='ltr'>eumvobis</span> <span class='ocrx_word' id='word_1_81' title='bbox 1199 1187 1315 1242; x_wconf 89' lang='lat' dir='ltr'>corpore</span> <span class='ocrx_word' id='word_1_82' title='bbox 1339 1186 1372 1227; x_wconf 88' lang='lat' dir='ltr'>nc</span> <span class='ocrx_word' id='word_1_83' title='bbox 1396 1170 1530 1242; x_wconf 84' lang='lat' dir='ltr'>sangnine</span> <span class='ocrx_word' id='word_1_84' title='bbox 1554 1169 1603 1225; x_wconf 80' lang='lat' dir='ltr'>liei</span> <span class='ocrx_word' id='word_1_85' title='bbox 1625 1178 1653 1225; x_wconf 90' lang='lat' dir='ltr'>et</span> <span class='ocrx_word' id='word_1_86' title='bbox 1679 1168 1803 1226; x_wconf 82' lang='lat' dir='ltr'>Domini</span> <span class='ocrx_word' id='word_1_87' title='bbox 1822 1172 2003 1243; x_wconf 81' lang='lat' dir='ltr'>llcdempror&#39;s</span> 
     </span>
     <span class='ocr_line' id='line_1_9' title="bbox 351 1261 2004 1340; baseline -0.002 -17"><span class='ocrx_word' id='word_1_88' title='bbox 351 1284 401 1340; x_wconf 91' lang='lat' dir='ltr'>per</span> <span class='ocrx_word' id='word_1_89' title='bbox 430 1268 602 1339; x_wconf 81' lang='lat' dir='ltr'>privilegium</span> <span class='ocrx_word' id='word_1_90' title='bbox 629 1282 711 1323; x_wconf 91' lang='lat' dir='ltr'>suum</span> <span class='ocrx_word' id='word_1_91' title='bbox 734 1280 813 1337; x_wconf 76' lang='lat' dir='ltr'>acqua</span> <span class='ocrx_word' id='word_1_92' title='bbox 840 1265 1060 1321; x_wconf 77' lang='lat' dir='ltr'>consideratione</span> <span class='ocrx_word' id='word_1_93' title='bbox 1083 1264 1150 1319; x_wconf 91' lang='lat' dir='ltr'>resi·</span> <span class='ocrx_word' id='word_1_94' title='bbox 1199 1261 1364 1320; x_wconf 83' lang='lat' dir='ltr'>nostriiesu</span> <span class='ocrx_word' id='word_1_95' title='bbox 1384 1262 1489 1318; x_wconf 81' lang='lat' dir='ltr'>Christi</span> <span class='ocrx_word' id='word_1_96' title='bbox 1513 1261 1606 1320; x_wconf 89' lang='lat' dir='ltr'>aliena</span> <span class='ocrx_word' id='word_1_97' title='bbox 1629 1262 1688 1329; x_wconf 87' lang='lat' dir='ltr'>ilat,</span> <span class='ocrx_word' id='word_1_98' title='bbox 1716 1270 1813 1333; x_wconf 91' lang='lat' dir='ltr'>atque</span> <span class='ocrx_word' id='word_1_99' title='bbox 1845 1263 1877 1318; x_wconf 92' lang='lat' dir='ltr'>in</span> <span class='ocrx_word' id='word_1_100' title='bbox 1897 1273 2004 1320; x_wconf 73' lang='lat' dir='ltr'>extrem</span> 
     </span>
     <span class='ocr_line' id='line_1_10' title="bbox 351 1352 1764 1431; baseline -0.003 -17"><span class='ocrx_word' id='word_1_101' title='bbox 351 1375 451 1431; x_wconf 84' lang='lat' dir='ltr'>grasse</span> <span class='ocrx_word' id='word_1_102' title='bbox 464 1359 639 1431; x_wconf 82' lang='lat' dir='ltr'>dignoscitur</span> <span class='ocrx_word' id='word_1_103' title='bbox 650 1366 678 1413; x_wconf 88' lang='lat' dir='ltr'>et</span> <span class='ocrx_word' id='word_1_104' title='bbox 693 1358 721 1413; x_wconf 92' lang='lat' dir='ltr'>iu</span> <span class='ocrx_word' id='word_1_105' title='bbox 732 1364 873 1427; x_wconf 91' lang='lat' dir='ltr'>posterum</span> <span class='ocrx_word' id='word_1_106' title='bbox 893 1356 1046 1421; x_wconf 87' lang='lat' dir='ltr'>remisisse,</span> <span class='ocrx_word' id='word_1_107' title='bbox 1062 1355 1099 1410; x_wconf 89' lang='lat' dir='ltr'>ita</span> <span class='ocrx_word' id='word_1_108' title='bbox 1113 1355 1148 1411; x_wconf 87' lang='lat' dir='ltr'>de</span> <span class='ocrx_word' id='word_1_109' title='bbox 1197 1355 1325 1409; x_wconf 85' lang='lat' dir='ltr'>cxunrinc</span> <span class='ocrx_word' id='word_1_110' title='bbox 1335 1352 1470 1409; x_wconf 80' lang='lat' dir='ltr'>districta·</span> <span class='ocrx_word' id='word_1_111' title='bbox 1486 1352 1584 1408; x_wconf 90' lang='lat' dir='ltr'>ultioni</span> <span class='ocrx_word' id='word_1_112' title='bbox 1600 1353 1764 1424; x_wconf 81' lang='lat' dir='ltr'>subjacent.</span> 
     </span>
    </p>

    <p class='ocr_par' dir='ltr' id='par_1_4' title="bbox 347 1441 2004 1799">
     <span class='ocr_line' id='line_1_11' title="bbox 350 1441 2004 1520; baseline -0.004 -12"><span class='ocrx_word' id='word_1_113' title='bbox 350 1461 449 1508; x_wconf 78' lang='lat' dir='ltr'>caetere</span> <span class='ocrx_word' id='word_1_114' title='bbox 464 1459 655 1517; x_wconf 84' lang='lat' dir='ltr'>conservetur,</span> <span class='ocrx_word' id='word_1_115' title='bbox 669 1449 744 1520; x_wconf 91' lang='lat' dir='ltr'>quod</span> <span class='ocrx_word' id='word_1_116' title='bbox 755 1464 806 1505; x_wconf 91' lang='lat' dir='ltr'>nec</span> <span class='ocrx_word' id='word_1_117' title='bbox 819 1449 844 1505; x_wconf 91' lang='lat' dir='ltr'>ei</span> <span class='ocrx_word' id='word_1_118' title='bbox 855 1448 899 1504; x_wconf 83' lang='lat' dir='ltr'>rel</span> <span class='ocrx_word' id='word_1_119' title='bbox 912 1446 1068 1503; x_wconf 80' lang='lat' dir='ltr'>successori</span> <span class='ocrx_word' id='word_1_120' title='bbox 1094 1459 1146 1502; x_wconf 87' lang='lat' dir='ltr'>suo</span> <span class='ocrx_word' id='word_1_121' title='bbox 1232 1445 1347 1501; x_wconf 83' lang='lat' dir='ltr'>Cunctis</span> <span class='ocrx_word' id='word_1_122' title='bbox 1362 1453 1453 1498; x_wconf 90' lang='lat' dir='ltr'>autem</span> <span class='ocrx_word' id='word_1_123' title='bbox 1468 1443 1557 1498; x_wconf 89' lang='lat' dir='ltr'>eidem</span> <span class='ocrx_word' id='word_1_124' title='bbox 1578 1441 1640 1499; x_wconf 91' lang='lat' dir='ltr'>loco</span> <span class='ocrx_word' id='word_1_125' title='bbox 1661 1459 1713 1499; x_wconf 89' lang='lat' dir='ltr'>sua</span> <span class='ocrx_word' id='word_1_126' title='bbox 1735 1442 1809 1514; x_wconf 80' lang='lat' dir='ltr'>jura</span> <span class='ocrx_word' id='word_1_127' title='bbox 1836 1446 2004 1502; x_wconf 73' lang='lat' dir='ltr'>servantibus</span> 
     </span>
     <span class='ocr_line' id='line_1_12' title="bbox 350 1532 2004 1611; baseline -0.003 -14"><span class='ocrx_word' id='word_1_128' title='bbox 350 1543 452 1601; x_wconf 84' lang='lat' dir='ltr'>rictum</span> <span class='ocrx_word' id='word_1_129' title='bbox 468 1559 484 1599; x_wconf 93' lang='lat' dir='ltr'>a</span> <span class='ocrx_word' id='word_1_130' title='bbox 498 1542 576 1599; x_wconf 85' lang='lat' dir='ltr'>robis</span> <span class='ocrx_word' id='word_1_131' title='bbox 590 1550 686 1597; x_wconf 91' lang='lat' dir='ltr'>contra</span> <span class='ocrx_word' id='word_1_132' title='bbox 701 1541 755 1596; x_wconf 89' lang='lat' dir='ltr'>boc</span> <span class='ocrx_word' id='word_1_133' title='bbox 773 1539 868 1611; x_wconf 90' lang='lat' dir='ltr'>aliquo</span> <span class='ocrx_word' id='word_1_134' title='bbox 893 1549 1016 1609; x_wconf 88' lang='lat' dir='ltr'>tempore</span> <span class='ocrx_word' id='word_1_135' title='bbox 1037 1537 1146 1609; x_wconf 77' lang='lat' dir='ltr'>exigere</span> <span class='ocrx_word' id='word_1_136' title='bbox 1197 1538 1234 1593; x_wconf 90' lang='lat' dir='ltr'>sit</span> <span class='ocrx_word' id='word_1_137' title='bbox 1248 1552 1302 1608; x_wconf 82' lang='lat' dir='ltr'>pax</span> <span class='ocrx_word' id='word_1_138' title='bbox 1317 1534 1425 1590; x_wconf 83' lang='lat' dir='ltr'>Domini</span> <span class='ocrx_word' id='word_1_139' title='bbox 1444 1533 1535 1590; x_wconf 81' lang='lat' dir='ltr'>nostri</span> <span class='ocrx_word' id='word_1_140' title='bbox 1551 1532 1616 1590; x_wconf 82' lang='lat' dir='ltr'>lesu</span> <span class='ocrx_word' id='word_1_141' title='bbox 1628 1532 1752 1607; x_wconf 81' lang='lat' dir='ltr'>Christi,</span> <span class='ocrx_word' id='word_1_142' title='bbox 1770 1546 1961 1607; x_wconf 77' lang='lat' dir='ltr'>quatenusrt</span> <span class='ocrx_word' id='word_1_143' title='bbox 1971 1540 2004 1592; x_wconf 83' lang='lat' dir='ltr'>bie</span> 
     </span>
     <span class='ocr_line' id='line_1_13' title="bbox 349 1626 2003 1704; baseline -0.003 -13"><span class='ocrx_word' id='word_1_144' title='bbox 349 1635 440 1691; x_wconf 85' lang='lat' dir='ltr'>liceat.</span> <span class='ocrx_word' id='word_1_145' title='bbox 457 1634 639 1691; x_wconf 87' lang='lat' dir='ltr'>Probibcmus</span> <span class='ocrx_word' id='word_1_146' title='bbox 658 1634 771 1704; x_wconf 89' lang='lat' dir='ltr'>insuper</span> <span class='ocrx_word' id='word_1_147' title='bbox 797 1640 827 1687; x_wconf 93' lang='lat' dir='ltr'>ut</span> <span class='ocrx_word' id='word_1_148' title='bbox 848 1631 996 1702; x_wconf 89' lang='lat' dir='ltr'>episcopus</span> <span class='ocrx_word' id='word_1_149' title='bbox 1018 1629 1052 1684; x_wconf 93' lang='lat' dir='ltr'>dc</span> <span class='ocrx_word' id='word_1_150' title='bbox 1067 1630 1145 1685; x_wconf 84' lang='lat' dir='ltr'>obla·</span> <span class='ocrx_word' id='word_1_151' title='bbox 1196 1627 1316 1684; x_wconf 80' lang='lat' dir='ltr'>fructum</span> <span class='ocrx_word' id='word_1_152' title='bbox 1342 1627 1423 1683; x_wconf 81' lang='lat' dir='ltr'>boum</span> <span class='ocrx_word' id='word_1_153' title='bbox 1450 1626 1570 1682; x_wconf 89' lang='lat' dir='ltr'>actionis</span> <span class='ocrx_word' id='word_1_154' title='bbox 1584 1626 1758 1698; x_wconf 83' lang='lat' dir='ltr'>percipiunt,</span> <span class='ocrx_word' id='word_1_155' title='bbox 1771 1637 1802 1683; x_wconf 90' lang='lat' dir='ltr'>et</span> <span class='ocrx_word' id='word_1_156' title='bbox 1825 1631 1908 1701; x_wconf 90' lang='lat' dir='ltr'>apud</span> <span class='ocrx_word' id='word_1_157' title='bbox 1923 1630 2003 1686; x_wconf 83' lang='lat' dir='ltr'>distri-</span> 
     </span>
     <span class='ocr_line' id='line_1_14' title="bbox 347 1719 2002 1799; baseline -0.001 -17"><span class='ocrx_word' id='word_1_158' title='bbox 347 1727 481 1793; x_wconf 91' lang='lat' dir='ltr'>tionibus,</span> <span class='ocrx_word' id='word_1_159' title='bbox 498 1741 560 1796; x_wconf 79' lang='lat' dir='ltr'>qum</span> <span class='ocrx_word' id='word_1_160' title='bbox 574 1725 608 1780; x_wconf 85' lang='lat' dir='ltr'>ad</span> <span class='ocrx_word' id='word_1_161' title='bbox 620 1740 737 1795; x_wconf 89' lang='lat' dir='ltr'>corpora</span> <span class='ocrx_word' id='word_1_162' title='bbox 751 1734 911 1782; x_wconf 86' lang='lat' dir='ltr'>sanctorum</span> <span class='ocrx_word' id='word_1_163' title='bbox 924 1724 951 1779; x_wconf 92' lang='lat' dir='ltr'>in</span> <span class='ocrx_word' id='word_1_164' title='bbox 970 1733 1060 1780; x_wconf 87' lang='lat' dir='ltr'>restra</span> <span class='ocrx_word' id='word_1_165' title='bbox 1076 1723 1143 1779; x_wconf 85' lang='lat' dir='ltr'>nile-</span> <span class='ocrx_word' id='word_1_166' title='bbox 1195 1731 1270 1777; x_wconf 90' lang='lat' dir='ltr'>etum</span> <span class='ocrx_word' id='word_1_167' title='bbox 1299 1719 1421 1790; x_wconf 83' lang='lat' dir='ltr'>judicem</span> <span class='ocrx_word' id='word_1_168' title='bbox 1452 1719 1565 1775; x_wconf 83' lang='lat' dir='ltr'>nraemia</span> <span class='ocrx_word' id='word_1_169' title='bbox 1595 1719 1708 1775; x_wconf 73' lang='lat' dir='ltr'>eternae</span> <span class='ocrx_word' id='word_1_170' title='bbox 1732 1722 1821 1791; x_wconf 85' lang='lat' dir='ltr'>pacis</span> <span class='ocrx_word' id='word_1_171' title='bbox 1859 1723 2002 1799; x_wconf 79' lang='lat' dir='ltr'>inreniart</span> 
     </span>
    </p>
   </div>
   <div class='ocr_carea' id='block_1_4' title="bbox 282 1812 2023 3369">
    <p class='ocr_par' dir='ltr' id='par_1_5' title="bbox 345 1812 1293 1891">
     <span class='ocr_line' id='line_1_15' title="bbox 345 1812 1293 1891; baseline -0.004 -15"><span class='ocrx_word' id='word_1_172' title='bbox 345 1820 584 1886; x_wconf 86' lang='lat' dir='ltr'>runturccelesia,</span> <span class='ocrx_word' id='word_1_173' title='bbox 603 1819 672 1875; x_wconf 90' lang='lat' dir='ltr'>nibil</span> <span class='ocrx_word' id='word_1_174' title='bbox 691 1819 762 1874; x_wconf 89' lang='lat' dir='ltr'>ultra</span> <span class='ocrx_word' id='word_1_175' title='bbox 779 1828 905 1890; x_wconf 83' lang='lat' dir='ltr'>quartam</span> <span class='ocrx_word' id='word_1_176' title='bbox 921 1829 1038 1890; x_wconf 84' lang='lat' dir='ltr'>partem,</span> <span class='ocrx_word' id='word_1_177' title='bbox 1058 1835 1141 1891; x_wconf 82' lang='lat' dir='ltr'>quam</span> <span class='ocrx_word' id='word_1_178' title='bbox 1193 1812 1293 1867; x_wconf 77' lang='lat' dir='ltr'>Amen·</span> 
     </span>
    </p>

    <p class='ocr_par' dir='ltr' id='par_1_6' title="bbox 344 1901 1999 2157">
     <span class='ocr_line' id='line_1_16' title="bbox 344 1901 1925 1984; baseline -0.002 -15"><span class='ocrx_word' id='word_1_179' title='bbox 344 1914 492 1969; x_wconf 85' lang='lat' dir='ltr'>consuerit</span> <span class='ocrx_word' id='word_1_180' title='bbox 505 1913 616 1977; x_wconf 87' lang='lat' dir='ltr'>babere,</span> <span class='ocrx_word' id='word_1_181' title='bbox 638 1911 763 1981; x_wconf 88' lang='lat' dir='ltr'>recipiat.</span> <span class='ocrx_word' id='word_1_182' title='bbox 785 1912 827 1966; x_wconf 76' lang='lat' dir='ltr'>Ad</span> <span class='ocrx_word' id='word_1_183' title='bbox 843 1912 915 1979; x_wconf 85' lang='lat' dir='ltr'>baec,</span> <span class='ocrx_word' id='word_1_184' title='bbox 939 1913 1141 1984; x_wconf 75' lang='lat' dir='ltr'>significatione</span> <span class='ocrx_word' id='word_1_185' title='bbox 1229 1903 1287 1975; x_wconf 65' lang='lat' dir='ltr'>Ego</span> <span class='ocrx_word' id='word_1_186' title='bbox 1300 1903 1438 1971; x_wconf 70' lang='lat' dir='ltr'>Clemens,</span> <span class='ocrx_word' id='word_1_187' title='bbox 1447 1902 1593 1983; x_wconf 74' lang='lat' dir='ltr'>Catholicae</span> <span class='ocrx_word' id='word_1_188' title='bbox 1604 1901 1738 1961; x_wconf 76' lang='lat' dir='ltr'>Ecclesiae</span> <span class='ocrx_word' id='word_1_189' title='bbox 1749 1907 1925 1980; x_wconf 87' lang='lat' dir='ltr'>episeopus.</span> 
     </span>
     <span class='ocr_line' id='line_1_17' title="bbox 346 1992 1999 2074; baseline 0 -13"><span class='ocrx_word' id='word_1_190' title='bbox 346 2003 535 2074; x_wconf 77' lang='lat' dir='ltr'>presentium,</span> <span class='ocrx_word' id='word_1_191' title='bbox 549 2002 722 2073; x_wconf 79' lang='lat' dir='ltr'>indulgemus</span> <span class='ocrx_word' id='word_1_192' title='bbox 737 2011 767 2057; x_wconf 92' lang='lat' dir='ltr'>ut</span> <span class='ocrx_word' id='word_1_193' title='bbox 781 2003 882 2073; x_wconf 81' lang='lat' dir='ltr'>predia</span> <span class='ocrx_word' id='word_1_194' title='bbox 893 2003 935 2058; x_wconf 90' lang='lat' dir='ltr'>rel</span> <span class='ocrx_word' id='word_1_195' title='bbox 951 2003 1141 2074; x_wconf 85' lang='lat' dir='ltr'>possessiones</span> <span class='ocrx_word' id='word_1_196' title='bbox 1228 1994 1285 2067; x_wconf 78' lang='lat' dir='ltr'>Ego</span> <span class='ocrx_word' id='word_1_197' title='bbox 1309 1993 1495 2054; x_wconf 71' lang='lat' dir='ltr'>T¹¹0⁰b³¹tl¹¹⁸·</span> <span class='ocrx_word' id='word_1_198' title='bbox 1515 1992 1652 2052; x_wconf 62' lang='lat' dir='ltr'>(libentis</span> <span class='ocrx_word' id='word_1_199' title='bbox 1675 2005 1704 2052; x_wconf 69' lang='lat'>01</span> <span class='ocrx_word' id='word_1_200' title='bbox 1730 1995 1931 2059; x_wconf 67' lang='lat' dir='ltr'>velletrensis</span> <span class='ocrx_word' id='word_1_201' title='bbox 1953 2004 1999 2074; x_wconf 80' lang='lat' dir='ltr'>ep&#39;r</span> 
     </span>
     <span class='ocr_line' id='line_1_18' title="bbox 345 2092 1302 2157; baseline -0.001 -4"><span class='ocrx_word' id='word_1_202' title='bbox 345 2095 470 2153; x_wconf 67' lang='lat' dir='ltr'>ecclesie</span> <span class='ocrx_word' id='word_1_203' title='bbox 484 2105 580 2151; x_wconf 82' lang='lat' dir='ltr'>restrae</span> <span class='ocrx_word' id='word_1_204' title='bbox 603 2094 660 2149; x_wconf 80' lang='lat' dir='ltr'>sire</span> <span class='ocrx_word' id='word_1_205' title='bbox 683 2092 755 2148; x_wconf 89' lang='lat' dir='ltr'>inira</span> <span class='ocrx_word' id='word_1_206' title='bbox 774 2094 912 2150; x_wconf 75' lang='lat' dir='ltr'>civitatem</span> <span class='ocrx_word' id='word_1_207' title='bbox 939 2105 1057 2151; x_wconf 82' lang='lat' dir='ltr'>vestram</span> <span class='ocrx_word' id='word_1_208' title='bbox 1083 2095 1141 2152; x_wconf 85' lang='lat' dir='ltr'>sire</span> <span class='ocrx_word' id='word_1_209' title='bbox 1192 2102 1302 2157; x_wconf 64' lang='lat' dir='ltr'>imptis·</span> 
     </span>
    </p>

    <p class='ocr_par' dir='ltr' id='par_1_7' title="bbox 345 2177 1997 2343">
     <span class='ocr_line' id='line_1_19' title="bbox 346 2177 1997 2258; baseline 0.006 -16"><span class='ocrx_word' id='word_1_210' title='bbox 346 2197 424 2243; x_wconf 82' lang='lat' dir='ltr'>extra</span> <span class='ocrx_word' id='word_1_211' title='bbox 442 2184 711 2252; x_wconf 83' lang='lat' dir='ltr'>consistant,nullus</span> <span class='ocrx_word' id='word_1_212' title='bbox 736 2185 838 2255; x_wconf 82' lang='lat' dir='ltr'>injuste</span> <span class='ocrx_word' id='word_1_213' title='bbox 862 2194 958 2241; x_wconf 87' lang='lat' dir='ltr'>contra</span> <span class='ocrx_word' id='word_1_214' title='bbox 981 2188 1142 2258; x_wconf 83' lang='lat' dir='ltr'>dispositis·</span> <span class='ocrx_word' id='word_1_215' title='bbox 1229 2178 1285 2251; x_wconf 69' lang='grc' dir='ltr'>Εεῡ</span> <span class='ocrx_word' id='word_1_216' title='bbox 1312 2177 1444 2248; x_wconf 69' lang='lat' dir='ltr'>J⁰²¹¹¹¹⁰⁵r</span> <span class='ocrx_word' id='word_1_217' title='bbox 1470 2178 1612 2252; x_wconf 64' lang='lat' dir='ltr'>liesblffl&#39;</span> <span class='ocrx_word' id='word_1_218' title='bbox 1640 2180 1803 2241; x_wconf 57' lang='lat' dir='ltr'>edidimus</span> <span class='ocrx_word' id='word_1_219' title='bbox 1834 2186 1882 2242; x_wconf 68' lang='lat' dir='ltr'>lll-</span> <span class='ocrx_word' id='word_1_220' title='bbox 1918 2185 1997 2243; x_wconf 69' lang='lat' dir='ltr'>Swt&#39;t&#39;</span> 
     </span>
     <span class='ocr_line' id='line_1_20' title="bbox 345 2270 1286 2343; baseline 0.001 -11"><span class='ocrx_word' id='word_1_221' title='bbox 345 2292 409 2332; x_wconf 90' lang='lat' dir='ltr'>nem</span> <span class='ocrx_word' id='word_1_222' title='bbox 421 2284 540 2332; x_wconf 86' lang='lat' dir='ltr'>vestram</span> <span class='ocrx_word' id='word_1_223' title='bbox 554 2272 684 2334; x_wconf 82' lang='lat' dir='ltr'>invadere</span> <span class='ocrx_word' id='word_1_224' title='bbox 699 2285 858 2343; x_wconf 87' lang='lat' dir='ltr'>praesumat.</span> <span class='ocrx_word' id='word_1_225' title='bbox 878 2272 907 2330; x_wconf 92' lang='lat' dir='ltr'>ln</span> <span class='ocrx_word' id='word_1_226' title='bbox 927 2276 1062 2333; x_wconf 88' lang='lat' dir='ltr'>electione</span> <span class='ocrx_word' id='word_1_227' title='bbox 1076 2293 1140 2334; x_wconf 85' lang='lat' dir='ltr'>rere</span> <span class='ocrx_word' id='word_1_228' title='bbox 1191 2270 1286 2327; x_wconf 76' lang='lat' dir='ltr'>ilorci·</span> 
     </span>
    </p>

    <p class='ocr_par' dir='ltr' id='par_1_8' title="bbox 342 2363 1995 2529">
     <span class='ocr_line' id='line_1_21' title="bbox 342 2363 1995 2440; baseline 0 -14"><span class='ocrx_word' id='word_1_229' title='bbox 342 2367 467 2440; x_wconf 83' lang='lat' dir='ltr'>episcopi</span> <span class='ocrx_word' id='word_1_230' title='bbox 482 2366 565 2422; x_wconf 81' lang='lat' dir='ltr'>vestri</span> <span class='ocrx_word' id='word_1_231' title='bbox 579 2366 698 2437; x_wconf 90' lang='lat' dir='ltr'>primam</span> <span class='ocrx_word' id='word_1_232' title='bbox 711 2381 818 2433; x_wconf 85' lang='lat' dir='ltr'>vocem,</span> <span class='ocrx_word' id='word_1_233' title='bbox 832 2382 895 2422; x_wconf 90' lang='lat' dir='ltr'>cum</span> <span class='ocrx_word' id='word_1_234' title='bbox 919 2368 980 2423; x_wconf 88' lang='lat' dir='ltr'>sitis</span> <span class='ocrx_word' id='word_1_235' title='bbox 996 2369 1141 2425; x_wconf 80' lang='lat' dir='ltr'>catbcdrr·</span> <span class='ocrx_word' id='word_1_236' title='bbox 1226 2363 1283 2435; x_wconf 85' lang='lat' dir='ltr'>Ego</span> <span class='ocrx_word' id='word_1_237' title='bbox 1297 2364 1449 2433; x_wconf 77' lang='lat' dir='ltr'>laborans,</span> <span class='ocrx_word' id='word_1_238' title='bbox 1466 2365 1613 2436; x_wconf 87' lang='lat' dir='ltr'>episcopus</span> <span class='ocrx_word' id='word_1_239' title='bbox 1630 2365 1725 2437; x_wconf 88' lang='lat' dir='ltr'>presb.</span> <span class='ocrx_word' id='word_1_240' title='bbox 1747 2367 1832 2424; x_wconf 88' lang='lat' dir='ltr'>card.</span> <span class='ocrx_word' id='word_1_241' title='bbox 1859 2367 1892 2427; x_wconf 88' lang='lat' dir='ltr'>S.</span> <span class='ocrx_word' id='word_1_242' title='bbox 1916 2369 1995 2428; x_wconf 76' lang='lat' dir='ltr'>liaris·</span> 
     </span>
     <span class='ocr_line' id='line_1_22' title="bbox 344 2456 1584 2529; baseline 0 -14"><span class='ocrx_word' id='word_1_243' title='bbox 344 2459 514 2515; x_wconf 87' lang='lat' dir='ltr'>lisecclesiae</span> <span class='ocrx_word' id='word_1_244' title='bbox 526 2457 664 2524; x_wconf 89' lang='lat' dir='ltr'>canonici,</span> <span class='ocrx_word' id='word_1_245' title='bbox 680 2457 817 2524; x_wconf 86' lang='lat' dir='ltr'>babeatis,</span> <span class='ocrx_word' id='word_1_246' title='bbox 839 2459 1072 2529; x_wconf 82' lang='lat' dir='ltr'>quomadmodum</span> <span class='ocrx_word' id='word_1_247' title='bbox 1089 2477 1140 2517; x_wconf 86' lang='lat' dir='ltr'>ne-</span> <span class='ocrx_word' id='word_1_248' title='bbox 1191 2466 1266 2513; x_wconf 79' lang='lat' dir='ltr'>trtius</span> <span class='ocrx_word' id='word_1_249' title='bbox 1283 2456 1402 2512; x_wconf 88' lang='lat' dir='ltr'>Tiberim</span> <span class='ocrx_word' id='word_1_250' title='bbox 1415 2459 1457 2513; x_wconf 91' lang='lat' dir='ltr'>tit.</span> <span class='ocrx_word' id='word_1_251' title='bbox 1473 2458 1584 2515; x_wconf 78' lang='lat' dir='ltr'>calixti.</span> 
     </span>
    </p>

    <p class='ocr_par' dir='ltr' id='par_1_9' title="bbox 343 2549 2023 2716">
     <span class='ocr_line' id='line_1_23' title="bbox 343 2549 2023 2632; baseline 0.004 -24"><span class='ocrx_word' id='word_1_252' title='bbox 343 2556 430 2609; x_wconf 90' lang='lat' dir='ltr'>scitur</span> <span class='ocrx_word' id='word_1_253' title='bbox 457 2550 536 2606; x_wconf 84' lang='lat' dir='ltr'>robis</span> <span class='ocrx_word' id='word_1_254' title='bbox 559 2550 593 2606; x_wconf 90' lang='lat' dir='ltr'>de</span> <span class='ocrx_word' id='word_1_255' title='bbox 621 2564 759 2606; x_wconf 91' lang='lat' dir='ltr'>canonum</span> <span class='ocrx_word' id='word_1_256' title='bbox 779 2551 843 2621; x_wconf 83' lang='lat' dir='ltr'>jure</span> <span class='ocrx_word' id='word_1_257' title='bbox 868 2560 1034 2621; x_wconf 83' lang='lat' dir='ltr'>competere,</span> <span class='ocrx_word' id='word_1_258' title='bbox 1055 2563 1082 2609; x_wconf 92' lang='lat' dir='ltr'>ct</span> <span class='ocrx_word' id='word_1_259' title='bbox 1104 2553 1138 2610; x_wconf 91' lang='lat' dir='ltr'>de</span> <span class='ocrx_word' id='word_1_260' title='bbox 1224 2549 1281 2621; x_wconf 75' lang='lat' dir='ltr'>Ego</span> <span class='ocrx_word' id='word_1_261' title='bbox 1296 2550 1486 2623; x_wconf 77' lang='lat' dir='ltr'>Patrrlulpluo,</span> <span class='ocrx_word' id='word_1_262' title='bbox 1512 2553 1604 2625; x_wconf 80' lang='lat' dir='ltr'>presb.</span> <span class='ocrx_word' id='word_1_263' title='bbox 1628 2554 1705 2611; x_wconf 80' lang='lat' dir='ltr'>card.</span> <span class='ocrx_word' id='word_1_264' title='bbox 1733 2556 1781 2611; x_wconf 92' lang='lat' dir='ltr'>tit.</span> <span class='ocrx_word' id='word_1_265' title='bbox 1800 2554 1933 2617; x_wconf 66' lang='lat' dir='ltr'>Basilica</span> <span class='ocrx_word' id='word_1_266' title='bbox 1955 2559 1992 2614; x_wconf 82' lang='lat' dir='ltr'>ill</span> <span class='ocrx_word' id='word_1_267' title='bbox 2021 2625 2023 2632; x_wconf 75' lang='grc' dir='ltr'>Ι</span> 
     </span>
     <span class='ocr_line' id='line_1_24' title="bbox 343 2642 1394 2716; baseline -0.002 -15"><span class='ocrx_word' id='word_1_268' title='bbox 343 2646 458 2716; x_wconf 73' lang='lat' dir='ltr'>antiqua</span> <span class='ocrx_word' id='word_1_269' title='bbox 481 2643 783 2715; x_wconf 77' lang='lat' dir='ltr'>consuetudinemque</span> <span class='ocrx_word' id='word_1_270' title='bbox 803 2645 839 2700; x_wconf 87' lang='lat' dir='ltr'>ad</span> <span class='ocrx_word' id='word_1_271' title='bbox 865 2646 923 2700; x_wconf 86' lang='lat' dir='ltr'>lraec</span> <span class='ocrx_word' id='word_1_272' title='bbox 948 2655 1072 2715; x_wconf 88' lang='lat' dir='ltr'>tempora</span> <span class='ocrx_word' id='word_1_273' title='bbox 1088 2645 1139 2701; x_wconf 92' lang='lat' dir='ltr'>ob-</span> <span class='ocrx_word' id='word_1_274' title='bbox 1188 2642 1394 2711; x_wconf 75' lang='lat' dir='ltr'>Apostolorum.</span> 
     </span>
    </p>

    <p class='ocr_par' dir='ltr' id='par_1_10' title="bbox 341 2731 1990 2896">
     <span class='ocr_line' id='line_1_25' title="bbox 342 2731 1990 2805; baseline 0.006 -14"><span class='ocrx_word' id='word_1_275' title='bbox 342 2743 463 2800; x_wconf 84' lang='lat' dir='ltr'>servata,</span> <span class='ocrx_word' id='word_1_276' title='bbox 478 2750 530 2790; x_wconf 89' lang='lat' dir='ltr'>nec</span> <span class='ocrx_word' id='word_1_277' title='bbox 552 2734 664 2791; x_wconf 82' lang='lat' dir='ltr'>aliunde</span> <span class='ocrx_word' id='word_1_278' title='bbox 686 2735 750 2804; x_wconf 88' lang='lat' dir='ltr'>quis</span> <span class='ocrx_word' id='word_1_279' title='bbox 780 2735 807 2789; x_wconf 90' lang='lat' dir='ltr'>in</span> <span class='ocrx_word' id='word_1_280' title='bbox 827 2743 948 2790; x_wconf 82' lang='lat' dir='ltr'>restrum</span> <span class='ocrx_word' id='word_1_281' title='bbox 976 2736 1136 2805; x_wconf 85' lang='lat' dir='ltr'>episcopum</span> <span class='ocrx_word' id='word_1_282' title='bbox 1223 2731 1281 2803; x_wconf 82' lang='lat' dir='ltr'>Ego</span> <span class='ocrx_word' id='word_1_283' title='bbox 1294 2731 1401 2802; x_wconf 88' lang='lat' dir='ltr'>llclior,</span> <span class='ocrx_word' id='word_1_284' title='bbox 1416 2734 1507 2804; x_wconf 89' lang='lat' dir='ltr'>presb.</span> <span class='ocrx_word' id='word_1_285' title='bbox 1523 2736 1598 2792; x_wconf 89' lang='lat' dir='ltr'>card.</span> <span class='ocrx_word' id='word_1_286' title='bbox 1612 2734 1665 2792; x_wconf 85' lang='lat' dir='ltr'>SS.</span> <span class='ocrx_word' id='word_1_287' title='bbox 1678 2734 1804 2797; x_wconf 83' lang='lat' dir='ltr'>loannis</span> <span class='ocrx_word' id='word_1_288' title='bbox 1818 2751 1851 2798; x_wconf 88' lang='lat' dir='ltr'>et</span> <span class='ocrx_word' id='word_1_289' title='bbox 1864 2742 1944 2800; x_wconf 81' lang='lat' dir='ltr'>Pauli</span> <span class='ocrx_word' id='word_1_290' title='bbox 1956 2744 1990 2800; x_wconf 90' lang='lat' dir='ltr'>tit.</span> 
     </span>
     <span class='ocr_line' id='line_1_26' title="bbox 341 2821 1309 2896; baseline -0.003 -14"><span class='ocrx_word' id='word_1_291' title='bbox 341 2826 467 2896; x_wconf 82' lang='lat' dir='ltr'>eligatur,</span> <span class='ocrx_word' id='word_1_292' title='bbox 491 2826 613 2896; x_wconf 85' lang='lat' dir='ltr'>qunndiu</span> <span class='ocrx_word' id='word_1_293' title='bbox 637 2825 788 2892; x_wconf 86' lang='lat' dir='ltr'>secuudum</span> <span class='ocrx_word' id='word_1_294' title='bbox 816 2834 919 2881; x_wconf 87' lang='lat' dir='ltr'>statuta</span> <span class='ocrx_word' id='word_1_295' title='bbox 945 2842 1081 2881; x_wconf 85' lang='lat' dir='ltr'>canonum</span> <span class='ocrx_word' id='word_1_296' title='bbox 1102 2826 1137 2881; x_wconf 82' lang='lat' dir='ltr'>in</span> <span class='ocrx_word' id='word_1_297' title='bbox 1188 2821 1309 2879; x_wconf 83' lang='lat' dir='ltr'>Ganracl.</span> 
     </span>
    </p>

    <p class='ocr_par' dir='ltr' id='par_1_11' title="bbox 282 2913 1990 3077">
     <span class='ocr_line' id='line_1_27' title="bbox 342 2913 1990 2993; baseline 0.008 -22"><span class='ocrx_word' id='word_1_298' title='bbox 342 2924 432 2971; x_wconf 83' lang='lat' dir='ltr'>vestra</span> <span class='ocrx_word' id='word_1_299' title='bbox 445 2917 573 2982; x_wconf 84' lang='lat' dir='ltr'>ecclesia,</span> <span class='ocrx_word' id='word_1_300' title='bbox 590 2932 652 2988; x_wconf 85' lang='lat' dir='ltr'>quae</span> <span class='ocrx_word' id='word_1_301' title='bbox 667 2916 833 2972; x_wconf 77' lang='lat' dir='ltr'>cathedralis</span> <span class='ocrx_word' id='word_1_302' title='bbox 855 2928 908 2981; x_wconf 88' lang='lat' dir='ltr'>est,</span> <span class='ocrx_word' id='word_1_303' title='bbox 929 2917 1137 2986; x_wconf 88' lang='lat' dir='ltr'>reperitorido·</span> <span class='ocrx_word' id='word_1_304' title='bbox 1223 2913 1280 2986; x_wconf 83' lang='lat' dir='ltr'>Ege</span> <span class='ocrx_word' id='word_1_305' title='bbox 1296 2915 1404 2984; x_wconf 80' lang='lat' dir='ltr'>Petrus,</span> <span class='ocrx_word' id='word_1_306' title='bbox 1417 2919 1558 2993; x_wconf 78' lang='lat' dir='ltr'>presbyter</span> <span class='ocrx_word' id='word_1_307' title='bbox 1572 2920 1721 2978; x_wconf 86' lang='lat' dir='ltr'>cardinalis</span> <span class='ocrx_word' id='word_1_308' title='bbox 1747 2924 1794 2981; x_wconf 90' lang='lat' dir='ltr'>tit.</span> <span class='ocrx_word' id='word_1_309' title='bbox 1810 2926 1927 2986; x_wconf 72' lang='lat' dir='ltr'>Sancte</span> <span class='ocrx_word' id='word_1_310' title='bbox 1940 2928 1990 2985; x_wconf 59' lang='lat' dir='ltr'>Ca»</span> 
     </span>
     <span class='ocr_line' id='line_1_28' title="bbox 282 3007 1266 3077; baseline 0.001 -16"><span class='ocrx_word' id='word_1_311' title='bbox 282 3031 287 3038; x_wconf 92' lang='lat'>·</span> <span class='ocrx_word' id='word_1_312' title='bbox 341 3007 483 3077; x_wconf 88' lang='lat' dir='ltr'>neus,qni</span> <span class='ocrx_word' id='word_1_313' title='bbox 500 3007 534 3063; x_wconf 91' lang='lat' dir='ltr'>de</span> <span class='ocrx_word' id='word_1_314' title='bbox 549 3007 687 3063; x_wconf 88' lang='lat' dir='ltr'>canonico</span> <span class='ocrx_word' id='word_1_315' title='bbox 711 3015 739 3062; x_wconf 88' lang='lat' dir='ltr'>et</span> <span class='ocrx_word' id='word_1_316' title='bbox 763 3008 895 3071; x_wconf 83' lang='lat' dir='ltr'>concordi</span> <span class='ocrx_word' id='word_1_317' title='bbox 922 3023 1050 3074; x_wconf 88' lang='lat' dir='ltr'>assensu,</span> <span class='ocrx_word' id='word_1_318' title='bbox 1074 3007 1135 3062; x_wconf 90' lang='lat' dir='ltr'>sine</span> <span class='ocrx_word' id='word_1_319' title='bbox 1185 3007 1266 3062; x_wconf 69' lang='lat' dir='ltr'>ciliae.</span> 
     </span>
    </p>

    <p class='ocr_par' dir='ltr' id='par_1_12' title="bbox 300 3098 1987 3260">
     <span class='ocr_line' id='line_1_29' title="bbox 300 3098 1987 3173; baseline 0.007 -19"><span class='ocrx_word' id='word_1_320' title='bbox 300 3104 302 3110; x_wconf 85' lang='lat'>&#39;</span> <span class='ocrx_word' id='word_1_321' title='bbox 340 3098 416 3154; x_wconf 90' lang='lat' dir='ltr'>omni</span> <span class='ocrx_word' id='word_1_322' title='bbox 440 3099 576 3168; x_wconf 73' lang='lat' dir='ltr'>pravitate</span> <span class='ocrx_word' id='word_1_323' title='bbox 602 3098 694 3169; x_wconf 88' lang='lat' dir='ltr'>possit</span> <span class='ocrx_word' id='word_1_324' title='bbox 715 3098 831 3154; x_wconf 88' lang='lat' dir='ltr'>assumi.</span> <span class='ocrx_word' id='word_1_325' title='bbox 847 3099 1069 3155; x_wconf 75' lang='lat' dir='ltr'>eonsuetudines</span> <span class='ocrx_word' id='word_1_326' title='bbox 1082 3116 1134 3155; x_wconf 88' lang='lat' dir='ltr'>au·</span> <span class='ocrx_word' id='word_1_327' title='bbox 1220 3098 1278 3171; x_wconf 82' lang='lat' dir='ltr'>Ego</span> <span class='ocrx_word' id='word_1_328' title='bbox 1292 3098 1374 3165; x_wconf 79' lang='lat' dir='ltr'>llari..</span> <span class='ocrx_word' id='word_1_329' title='bbox 1388 3100 1531 3173; x_wconf 81' lang='lat' dir='ltr'>presbyter</span> <span class='ocrx_word' id='word_1_330' title='bbox 1545 3102 1693 3163; x_wconf 87' lang='lat' dir='ltr'>cardinalis</span> <span class='ocrx_word' id='word_1_331' title='bbox 1707 3106 1754 3163; x_wconf 90' lang='lat' dir='ltr'>tit.</span> <span class='ocrx_word' id='word_1_332' title='bbox 1772 3109 1877 3167; x_wconf 91' lang='lat' dir='ltr'>Sancti</span> <span class='ocrx_word' id='word_1_333' title='bbox 1892 3109 1987 3168; x_wconf 83' lang='lat' dir='ltr'>Prase·</span> 
     </span>
     <span class='ocr_line' id='line_1_30' title="bbox 339 3188 1238 3260; baseline 0.001 -15"><span class='ocrx_word' id='word_1_334' title='bbox 339 3197 394 3245; x_wconf 86' lang='lat' dir='ltr'>tem</span> <span class='ocrx_word' id='word_1_335' title='bbox 407 3189 580 3255; x_wconf 85' lang='lat' dir='ltr'>claustrales,</span> <span class='ocrx_word' id='word_1_336' title='bbox 593 3204 654 3260; x_wconf 81' lang='lat' dir='ltr'>quae</span> <span class='ocrx_word' id='word_1_337' title='bbox 672 3188 701 3243; x_wconf 91' lang='lat' dir='ltr'>in</span> <span class='ocrx_word' id='word_1_338' title='bbox 722 3189 819 3246; x_wconf 88' lang='lat' dir='ltr'>eodem</span> <span class='ocrx_word' id='word_1_339' title='bbox 844 3190 906 3247; x_wconf 91' lang='lat' dir='ltr'>loco</span> <span class='ocrx_word' id='word_1_340' title='bbox 922 3199 1014 3247; x_wconf 83' lang='lat' dir='ltr'>rostro</span> <span class='ocrx_word' id='word_1_341' title='bbox 1037 3191 1134 3246; x_wconf 81' lang='lat' dir='ltr'>laude·</span> <span class='ocrx_word' id='word_1_342' title='bbox 1184 3190 1238 3247; x_wconf 92' lang='lat' dir='ltr'>dis.</span> 
     </span>
    </p>

    <p class='ocr_par' dir='ltr' id='par_1_13' title="bbox 338 3281 1985 3369">
     <span class='ocr_line' id='line_1_31' title="bbox 338 3281 1985 3369; baseline 0.009 -32"><span class='ocrx_word' id='word_1_343' title='bbox 338 3281 431 3337; x_wconf 90' lang='lat' dir='ltr'>biliter</span> <span class='ocrx_word' id='word_1_344' title='bbox 445 3281 579 3336; x_wconf 80' lang='lat' dir='ltr'>imotenus</span> <span class='ocrx_word' id='word_1_345' title='bbox 596 3291 765 3336; x_wconf 75' lang='lat' dir='ltr'>conservata</span> <span class='ocrx_word' id='word_1_346' title='bbox 777 3291 938 3350; x_wconf 83' lang='lat' dir='ltr'>noscuntur,</span> <span class='ocrx_word' id='word_1_347' title='bbox 960 3298 1040 3339; x_wconf 89' lang='lat' dir='ltr'>neme</span> <span class='ocrx_word' id='word_1_348' title='bbox 1052 3299 1133 3355; x_wconf 81' lang='lat' dir='ltr'>pror·</span> <span class='ocrx_word' id='word_1_349' title='bbox 1218 3284 1276 3356; x_wconf 86' lang='lat' dir='ltr'>Ege</span> <span class='ocrx_word' id='word_1_350' title='bbox 1288 3285 1397 3353; x_wconf 87' lang='lat' dir='ltr'>Petrus,</span> <span class='ocrx_word' id='word_1_351' title='bbox 1416 3286 1458 3342; x_wconf 90' lang='lat' dir='ltr'>tit.</span> <span class='ocrx_word' id='word_1_352' title='bbox 1474 3288 1569 3344; x_wconf 88' lang='lat' dir='ltr'>Sancti</span> <span class='ocrx_word' id='word_1_353' title='bbox 1588 3288 1741 3347; x_wconf 83' lang='lat' dir='ltr'>Clementis</span> <span class='ocrx_word' id='word_1_354' title='bbox 1756 3294 1909 3369; x_wconf 72' lang='lat' dir='ltr'>presbyter</span> <span class='ocrx_word' id='word_1_355' title='bbox 1930 3312 1985 3353; x_wconf 86' lang='lat' dir='ltr'>car·</span> 
     </span>
    </p>
   </div>
   <div class='ocr_carea' id='block_1_5' title="bbox 338 3372 1847 3544">
    <p class='ocr_par' dir='ltr' id='par_1_14' title="bbox 338 3372 1847 3544">
     <span class='ocr_line' id='line_1_32' title="bbox 338 3372 1295 3463; baseline 0.006 -34"><span class='ocrx_word' id='word_1_356' title='bbox 338 3389 388 3430; x_wconf 90' lang='lat' dir='ltr'>sus</span> <span class='ocrx_word' id='word_1_357' title='bbox 403 3374 432 3427; x_wconf 91' lang='lat' dir='ltr'>in</span> <span class='ocrx_word' id='word_1_358' title='bbox 446 3372 568 3427; x_wconf 88' lang='lat' dir='ltr'>deterius</span> <span class='ocrx_word' id='word_1_359' title='bbox 583 3372 684 3425; x_wconf 90' lang='lat' dir='ltr'>audeat</span> <span class='ocrx_word' id='word_1_360' title='bbox 696 3380 879 3439; x_wconf 90' lang='lat' dir='ltr'>commutare,</span> <span class='ocrx_word' id='word_1_361' title='bbox 901 3374 949 3428; x_wconf 87' lang='lat' dir='ltr'>sed</span> <span class='ocrx_word' id='word_1_362' title='bbox 965 3390 1072 3445; x_wconf 86' lang='lat' dir='ltr'>semper</span> <span class='ocrx_word' id='word_1_363' title='bbox 1090 3377 1133 3431; x_wconf 86' lang='lat' dir='ltr'>ir·</span> <span class='ocrx_word' id='word_1_364' title='bbox 1146 3377 1295 3463; x_wconf 71' lang='lat' dir='ltr'>cdinalis.</span> 
     </span>
     <span class='ocr_line' id='line_1_33' title="bbox 338 3462 1847 3544; baseline 0.009 -22"><span class='ocrx_word' id='word_1_365' title='bbox 338 3464 479 3523; x_wconf 68' lang='lat' dir='ltr'>convulsae</span> <span class='ocrx_word' id='word_1_366' title='bbox 490 3464 518 3517; x_wconf 93' lang='lat' dir='ltr'>in</span> <span class='ocrx_word' id='word_1_367' title='bbox 534 3476 586 3518; x_wconf 89' lang='lat' dir='ltr'>suo</span> <span class='ocrx_word' id='word_1_368' title='bbox 605 3462 707 3517; x_wconf 87' lang='lat' dir='ltr'>robore</span> <span class='ocrx_word' id='word_1_369' title='bbox 720 3472 906 3532; x_wconf 81' lang='lat' dir='ltr'>perseverent.</span> <span class='ocrx_word' id='word_1_370' title='bbox 925 3464 966 3519; x_wconf 81' lang='lat' dir='ltr'>dd</span> <span class='ocrx_word' id='word_1_371' title='bbox 982 3464 1040 3520; x_wconf 86' lang='lat' dir='ltr'>lraec</span> <span class='ocrx_word' id='word_1_372' title='bbox 1063 3465 1133 3537; x_wconf 89' lang='lat' dir='ltr'>adji-</span> <span class='ocrx_word' id='word_1_373' title='bbox 1221 3469 1278 3541; x_wconf 86' lang='lat' dir='ltr'>Ego</span> <span class='ocrx_word' id='word_1_374' title='bbox 1294 3470 1373 3540; x_wconf 81' lang='lat' dir='ltr'>orb,</span> <span class='ocrx_word' id='word_1_375' title='bbox 1385 3471 1428 3527; x_wconf 91' lang='lat' dir='ltr'>tit.</span> <span class='ocrx_word' id='word_1_376' title='bbox 1445 3470 1474 3528; x_wconf 87' lang='lat' dir='ltr'>S.</span> <span class='ocrx_word' id='word_1_377' title='bbox 1490 3473 1643 3529; x_wconf 73' lang='lat' dir='ltr'>Anastasio</span> <span class='ocrx_word' id='word_1_378' title='bbox 1654 3474 1750 3544; x_wconf 88' lang='lat' dir='ltr'>presb.</span> <span class='ocrx_word' id='word_1_379' title='bbox 1766 3478 1847 3535; x_wconf 83' lang='lat' dir='ltr'>card.</span> 
     </span>
    </p>
   </div>
   <div class='ocr_carea' id='block_1_6' title="bbox 262 3553 1984 4826">
    <p class='ocr_par' dir='ltr' id='par_1_15' title="bbox 337 3553 1984 3639">
     <span class='ocr_line' id='line_1_34' title="bbox 337 3553 1984 3639; baseline 0.009 -23"><span class='ocrx_word' id='word_1_380' title='bbox 337 3557 442 3616; x_wconf 81' lang='lat' dir='ltr'>cientes</span> <span class='ocrx_word' id='word_1_381' title='bbox 457 3556 615 3621; x_wconf 87' lang='lat' dir='ltr'>statuimus,</span> <span class='ocrx_word' id='word_1_382' title='bbox 634 3562 664 3608; x_wconf 91' lang='lat' dir='ltr'>ut</span> <span class='ocrx_word' id='word_1_383' title='bbox 676 3553 746 3608; x_wconf 92' lang='lat' dir='ltr'>nulli</span> <span class='ocrx_word' id='word_1_384' title='bbox 757 3555 872 3610; x_wconf 92' lang='lat' dir='ltr'>omnino</span> <span class='ocrx_word' id='word_1_385' title='bbox 886 3556 1042 3626; x_wconf 89' lang='lat' dir='ltr'>principum</span> <span class='ocrx_word' id='word_1_386' title='bbox 1066 3559 1132 3615; x_wconf 88' lang='lat' dir='ltr'>abs·</span> <span class='ocrx_word' id='word_1_387' title='bbox 1219 3562 1408 3635; x_wconf 80' lang='lat' dir='ltr'>EgoAlcxius,</span> <span class='ocrx_word' id='word_1_388' title='bbox 1418 3566 1561 3639; x_wconf 81' lang='lat' dir='ltr'>presbyter</span> <span class='ocrx_word' id='word_1_389' title='bbox 1575 3566 1724 3625; x_wconf 75' lang='lat' dir='ltr'>cardinalis</span> <span class='ocrx_word' id='word_1_390' title='bbox 1744 3570 1790 3627; x_wconf 87' lang='lat' dir='ltr'>tit.</span> <span class='ocrx_word' id='word_1_391' title='bbox 1808 3570 1923 3631; x_wconf 73' lang='lat' dir='ltr'>Senctae</span> <span class='ocrx_word' id='word_1_392' title='bbox 1934 3573 1984 3630; x_wconf 85' lang='lat' dir='ltr'>Su·</span> 
     </span>
    </p>

    <p class='ocr_par' dir='ltr' id='par_1_16' title="bbox 336 3646 1309 3721">
     <span class='ocr_line' id='line_1_35' title="bbox 336 3646 1309 3721; baseline 0.003 -16"><span class='ocrx_word' id='word_1_393' title='bbox 336 3665 391 3721; x_wconf 92' lang='lat' dir='ltr'>que</span> <span class='ocrx_word' id='word_1_394' title='bbox 405 3648 542 3720; x_wconf 73' lang='lat' dir='ltr'>prepositi</span> <span class='ocrx_word' id='word_1_395' title='bbox 558 3646 712 3704; x_wconf 79' lang='lat' dir='ltr'>etfrrtrum</span> <span class='ocrx_word' id='word_1_396' title='bbox 723 3661 861 3704; x_wconf 90' lang='lat' dir='ltr'>consensu</span> <span class='ocrx_word' id='word_1_397' title='bbox 874 3648 994 3721; x_wconf 89' lang='lat' dir='ltr'>aliquem</span> <span class='ocrx_word' id='word_1_398' title='bbox 1008 3648 1043 3706; x_wconf 92' lang='lat' dir='ltr'>de</span> <span class='ocrx_word' id='word_1_399' title='bbox 1056 3650 1132 3708; x_wconf 87' lang='lat' dir='ltr'>clau·</span> <span class='ocrx_word' id='word_1_400' title='bbox 1182 3668 1287 3710; x_wconf 71' lang='lat' dir='ltr'>sannae.</span> <span class='ocrx_word' id='word_1_401' title='bbox 1306 3665 1309 3670; x_wconf 79' lang='grc'><strong>’</strong></span> 
     </span>
    </p>

    <p class='ocr_par' dir='ltr' id='par_1_17' title="bbox 324 3741 1982 3906">
     <span class='ocr_line' id='line_1_36' title="bbox 324 3741 1982 3820; baseline 0.008 -23"><span class='ocrx_word' id='word_1_402' title='bbox 324 3749 396 3806; x_wconf 72' lang='lat' dir='ltr'>¹stro</span> <span class='ocrx_word' id='word_1_403' title='bbox 413 3741 494 3796; x_wconf 84' lang='lat' dir='ltr'>liccat</span> <span class='ocrx_word' id='word_1_404' title='bbox 508 3754 650 3795; x_wconf 84' lang='lat' dir='ltr'>amovere.</span> <span class='ocrx_word' id='word_1_405' title='bbox 1218 3743 1275 3815; x_wconf 84' lang='lat' dir='ltr'>Ego</span> <span class='ocrx_word' id='word_1_406' title='bbox 1288 3743 1396 3812; x_wconf 86' lang='lat' dir='ltr'>l&#39;ctrus,</span> <span class='ocrx_word' id='word_1_407' title='bbox 1408 3746 1552 3820; x_wconf 66' lang='lat' dir='ltr'>presbyter</span> <span class='ocrx_word' id='word_1_408' title='bbox 1576 3750 1727 3809; x_wconf 84' lang='lat' dir='ltr'>cardinalis</span> <span class='ocrx_word' id='word_1_409' title='bbox 1741 3752 1784 3809; x_wconf 93' lang='lat' dir='ltr'>tit.</span> <span class='ocrx_word' id='word_1_410' title='bbox 1801 3751 1831 3808; x_wconf 90' lang='lat' dir='ltr'>S.</span> <span class='ocrx_word' id='word_1_411' title='bbox 1849 3752 1931 3811; x_wconf 85' lang='lat' dir='ltr'>Petri</span> <span class='ocrx_word' id='word_1_412' title='bbox 1949 3758 1982 3813; x_wconf 86' lang='lat' dir='ltr'>ad</span> 
     </span>
     <span class='ocr_line' id='line_1_37' title="bbox 373 3832 1307 3906; baseline 0.002 -17"><span class='ocrx_word' id='word_1_413' title='bbox 373 3832 447 3889; x_wconf 87' lang='lat' dir='ltr'>Sanc</span> <span class='ocrx_word' id='word_1_414' title='bbox 462 3833 602 3887; x_wconf 85' lang='lat' dir='ltr'>novalium</span> <span class='ocrx_word' id='word_1_415' title='bbox 618 3840 774 3889; x_wconf 84' lang='lat' dir='ltr'>rostrorum</span> <span class='ocrx_word' id='word_1_416' title='bbox 785 3847 848 3903; x_wconf 79' lang='lat' dir='ltr'>quae</span> <span class='ocrx_word' id='word_1_417' title='bbox 867 3834 988 3906; x_wconf 87' lang='lat' dir='ltr'>propriis</span> <span class='ocrx_word' id='word_1_418' title='bbox 1000 3836 1130 3894; x_wconf 90' lang='lat' dir='ltr'>manibus</span> <span class='ocrx_word' id='word_1_419' title='bbox 1182 3832 1307 3891; x_wconf 80' lang='lat' dir='ltr'>Vincula.</span> 
     </span>
    </p>

    <p class='ocr_par' dir='ltr' id='par_1_18' title="bbox 335 3922 1978 4007">
     <span class='ocr_line' id='line_1_38' title="bbox 335 3922 1978 4007; baseline 0.012 -30"><span class='ocrx_word' id='word_1_420' title='bbox 335 3924 379 3979; x_wconf 80' lang='lat' dir='ltr'>rrl</span> <span class='ocrx_word' id='word_1_421' title='bbox 395 3922 552 3992; x_wconf 81' lang='lat' dir='ltr'>sumptibus</span> <span class='ocrx_word' id='word_1_422' title='bbox 571 3922 673 3988; x_wconf 91' lang='lat' dir='ltr'>colitis,</span> <span class='ocrx_word' id='word_1_423' title='bbox 687 3923 746 3979; x_wconf 82' lang='lat' dir='ltr'>sire</span> <span class='ocrx_word' id='word_1_424' title='bbox 766 3924 800 3980; x_wconf 91' lang='lat' dir='ltr'>de</span> <span class='ocrx_word' id='word_1_425' title='bbox 825 3926 1003 3981; x_wconf 87' lang='lat' dir='ltr'>nutrimentis</span> <span class='ocrx_word' id='word_1_426' title='bbox 1020 3927 1128 3983; x_wconf 82' lang='lat' dir='ltr'>auima-</span> <span class='ocrx_word' id='word_1_427' title='bbox 1216 3925 1273 3999; x_wconf 81' lang='lat' dir='ltr'>Ego</span> <span class='ocrx_word' id='word_1_428' title='bbox 1285 3927 1434 3999; x_wconf 76' lang='lat' dir='ltr'>londanus,</span> <span class='ocrx_word' id='word_1_429' title='bbox 1456 3931 1549 4001; x_wconf 88' lang='lat' dir='ltr'>presb.</span> <span class='ocrx_word' id='word_1_430' title='bbox 1574 3931 1650 3990; x_wconf 88' lang='lat' dir='ltr'>card</span> <span class='ocrx_word' id='word_1_431' title='bbox 1675 3930 1917 4007; x_wconf 64' lang='lat' dir='ltr'>studuimus,</span> <span class='ocrx_word' id='word_1_432' title='bbox 1937 3941 1978 3996; x_wconf 87' lang='lat' dir='ltr'>tit.</span> 
     </span>
    </p>

    <p class='ocr_par' dir='ltr' id='par_1_19' title="bbox 335 4013 1315 4089">
     <span class='ocr_line' id='line_1_39' title="bbox 335 4013 1315 4089; baseline 0.008 -20"><span class='ocrx_word' id='word_1_433' title='bbox 335 4014 583 4080; x_wconf 83' lang='lat' dir='ltr'>liornrestrorom,</span> <span class='ocrx_word' id='word_1_434' title='bbox 604 4013 697 4068; x_wconf 90' lang='lat' dir='ltr'>nullus</span> <span class='ocrx_word' id='word_1_435' title='bbox 722 4029 738 4068; x_wconf 92' lang='lat' dir='ltr'>a</span> <span class='ocrx_word' id='word_1_436' title='bbox 764 4014 843 4070; x_wconf 82' lang='lat' dir='ltr'>robis</span> <span class='ocrx_word' id='word_1_437' title='bbox 869 4015 992 4072; x_wconf 89' lang='lat' dir='ltr'>decimas</span> <span class='ocrx_word' id='word_1_438' title='bbox 1020 4018 1129 4089; x_wconf 85' lang='lat' dir='ltr'>exigere</span> <span class='ocrx_word' id='word_1_439' title='bbox 1179 4016 1315 4077; x_wconf 82' lang='lat' dir='ltr'>Pastoris.</span> 
     </span>
    </p>

    <p class='ocr_par' dir='ltr' id='par_1_20' title="bbox 334 4106 1978 4185">
     <span class='ocr_line' id='line_1_40' title="bbox 334 4106 1978 4185; baseline 0.01 -21"><span class='ocrx_word' id='word_1_440' title='bbox 334 4107 378 4164; x_wconf 78' lang='lat' dir='ltr'>rel</span> <span class='ocrx_word' id='word_1_441' title='bbox 392 4115 555 4178; x_wconf 87' lang='lat' dir='ltr'>extorquere</span> <span class='ocrx_word' id='word_1_442' title='bbox 564 4115 722 4177; x_wconf 76' lang='lat' dir='ltr'>presumat</span> <span class='ocrx_word' id='word_1_443' title='bbox 735 4106 910 4178; x_wconf 87' lang='lat' dir='ltr'>Sepulturam</span> <span class='ocrx_word' id='word_1_444' title='bbox 922 4126 1128 4181; x_wconf 83' lang='lat' dir='ltr'>quoquetpsms</span> <span class='ocrx_word' id='word_1_445' title='bbox 1214 4111 1272 4185; x_wconf 83' lang='lat' dir='ltr'>Ego</span> <span class='ocrx_word' id='word_1_446' title='bbox 1291 4112 1364 4183; x_wconf 79' lang='lat' dir='ltr'>iac,</span> <span class='ocrx_word' id='word_1_447' title='bbox 1376 4114 1449 4173; x_wconf 91' lang='lat' dir='ltr'>diac.</span> <span class='ocrx_word' id='word_1_448' title='bbox 1469 4115 1617 4175; x_wconf 79' lang='lat' dir='ltr'>cardinalis</span> <span class='ocrx_word' id='word_1_449' title='bbox 1631 4116 1896 4179; x_wconf 66' lang='lat' dir='ltr'>sinemurum</span> <span class='ocrx_word' id='word_1_450' title='bbox 1912 4124 1978 4181; x_wconf 83' lang='lat' dir='ltr'>Cos·</span> 
     </span>
    </p>

    <p class='ocr_par' dir='ltr' id='par_1_21' title="bbox 333 4198 1282 4266">
     <span class='ocr_line' id='line_1_41' title="bbox 333 4198 1282 4266; baseline 0.006 -11"><span class='ocrx_word' id='word_1_451' title='bbox 333 4198 387 4255; x_wconf 83' lang='lat' dir='ltr'>loci</span> <span class='ocrx_word' id='word_1_452' title='bbox 399 4200 511 4254; x_wconf 83' lang='lat' dir='ltr'>liberam</span> <span class='ocrx_word' id='word_1_453' title='bbox 539 4213 600 4255; x_wconf 90' lang='lat' dir='ltr'>esse</span> <span class='ocrx_word' id='word_1_454' title='bbox 613 4199 802 4266; x_wconf 82' lang='lat' dir='ltr'>concedimus</span> <span class='ocrx_word' id='word_1_455' title='bbox 817 4208 848 4255; x_wconf 91' lang='lat' dir='ltr'>ut</span> <span class='ocrx_word' id='word_1_456' title='bbox 871 4215 968 4256; x_wconf 89' lang='lat' dir='ltr'>eorum</span> <span class='ocrx_word' id='word_1_457' title='bbox 989 4200 1127 4257; x_wconf 90' lang='lat' dir='ltr'>devotioni</span> <span class='ocrx_word' id='word_1_458' title='bbox 1179 4205 1282 4261; x_wconf 89' lang='lat' dir='ltr'>medin.</span> 
     </span>
    </p>

    <p class='ocr_par' dir='ltr' id='par_1_22' title="bbox 267 4290 1974 4366">
     <span class='ocr_line' id='line_1_42' title="bbox 267 4290 1974 4366; baseline 0.01 -19"><span class='ocrx_word' id='word_1_459' title='bbox 267 4303 274 4318; x_wconf 69' lang='grc'><strong>“</strong></span> <span class='ocrx_word' id='word_1_460' title='bbox 333 4299 361 4347; x_wconf 88' lang='lat' dir='ltr'>et</span> <span class='ocrx_word' id='word_1_461' title='bbox 373 4299 502 4345; x_wconf 76' lang='lat' dir='ltr'>extreme</span> <span class='ocrx_word' id='word_1_462' title='bbox 514 4290 659 4357; x_wconf 82' lang='lat' dir='ltr'>voluntati,</span> <span class='ocrx_word' id='word_1_463' title='bbox 676 4291 724 4360; x_wconf 89' lang='lat' dir='ltr'>qui</span> <span class='ocrx_word' id='word_1_464' title='bbox 745 4305 775 4346; x_wconf 89' lang='lat' dir='ltr'>se</span> <span class='ocrx_word' id='word_1_465' title='bbox 793 4291 849 4347; x_wconf 92' lang='lat' dir='ltr'>illic</span> <span class='ocrx_word' id='word_1_466' title='bbox 865 4292 975 4363; x_wconf 89' lang='lat' dir='ltr'>sepeliri</span> <span class='ocrx_word' id='word_1_467' title='bbox 991 4292 1127 4349; x_wconf 87' lang='lat' dir='ltr'>delibera·</span> <span class='ocrx_word' id='word_1_468' title='bbox 1213 4293 1270 4366; x_wconf 82' lang='lat' dir='ltr'>Ego</span> <span class='ocrx_word' id='word_1_469' title='bbox 1296 4295 1455 4366; x_wconf 69' lang='lat' dir='ltr'>Gindanes,</span> <span class='ocrx_word' id='word_1_470' title='bbox 1467 4297 1518 4355; x_wconf 88' lang='lat' dir='ltr'>SS.</span> <span class='ocrx_word' id='word_1_471' title='bbox 1541 4298 1649 4358; x_wconf 82' lang='lat' dir='ltr'>Cosmrc</span> <span class='ocrx_word' id='word_1_472' title='bbox 1667 4311 1696 4357; x_wconf 87' lang='lat' dir='ltr'>et</span> <span class='ocrx_word' id='word_1_473' title='bbox 1716 4300 1847 4364; x_wconf 77' lang='lat' dir='ltr'>ormino</span> <span class='ocrx_word' id='word_1_474' title='bbox 1867 4309 1974 4366; x_wconf 84' lang='lat' dir='ltr'>diacon.</span> 
     </span>
    </p>

    <p class='ocr_par' dir='ltr' id='par_1_23' title="bbox 262 4383 1253 4455">
     <span class='ocr_line' id='line_1_43' title="bbox 262 4383 1253 4455; baseline 0.001 -15"><span class='ocrx_word' id='word_1_475' title='bbox 262 4401 272 4421; x_wconf 49' lang='grc' dir='ltr'><strong>ι</strong></span> <span class='ocrx_word' id='word_1_476' title='bbox 332 4386 434 4452; x_wconf 81' lang='lat' dir='ltr'>veiint,</span> <span class='ocrx_word' id='word_1_477' title='bbox 449 4383 503 4441; x_wconf 91' lang='lat' dir='ltr'>nisi</span> <span class='ocrx_word' id='word_1_478' title='bbox 516 4383 587 4439; x_wconf 91' lang='lat' dir='ltr'>iorte</span> <span class='ocrx_word' id='word_1_479' title='bbox 603 4385 838 4440; x_wconf 80' lang='lat' dir='ltr'>excommunicati</span> <span class='ocrx_word' id='word_1_480' title='bbox 851 4386 894 4441; x_wconf 87' lang='lat' dir='ltr'>rel</span> <span class='ocrx_word' id='word_1_481' title='bbox 906 4385 1045 4443; x_wconf 91' lang='lat' dir='ltr'>interdicti</span> <span class='ocrx_word' id='word_1_482' title='bbox 1057 4388 1124 4455; x_wconf 87' lang='lat' dir='ltr'>sint,</span> <span class='ocrx_word' id='word_1_483' title='bbox 1177 4388 1253 4443; x_wconf 88' lang='lat' dir='ltr'>card.</span> 
     </span>
    </p>

    <p class='ocr_par' dir='ltr' id='par_1_24' title="bbox 332 4473 1973 4551">
     <span class='ocr_line' id='line_1_44' title="bbox 332 4473 1973 4551; baseline 0.013 -22"><span class='ocrx_word' id='word_1_484' title='bbox 332 4473 426 4529; x_wconf 90' lang='lat' dir='ltr'>nullus</span> <span class='ocrx_word' id='word_1_485' title='bbox 438 4473 565 4540; x_wconf 84' lang='lat' dir='ltr'>obsistat,</span> <span class='ocrx_word' id='word_1_486' title='bbox 579 4473 655 4529; x_wconf 89' lang='lat' dir='ltr'>salva</span> <span class='ocrx_word' id='word_1_487' title='bbox 673 4482 764 4528; x_wconf 88' lang='lat' dir='ltr'>tanren</span> <span class='ocrx_word' id='word_1_488' title='bbox 779 4474 890 4543; x_wconf 79' lang='lat' dir='ltr'>justitio</span> <span class='ocrx_word' id='word_1_489' title='bbox 905 4477 1013 4531; x_wconf 91' lang='lat' dir='ltr'>illarum</span> <span class='ocrx_word' id='word_1_490' title='bbox 1034 4478 1125 4535; x_wconf 88' lang='lat' dir='ltr'>eccle·</span> <span class='ocrx_word' id='word_1_491' title='bbox 1212 4477 1269 4551; x_wconf 86' lang='lat' dir='ltr'>Ego</span> <span class='ocrx_word' id='word_1_492' title='bbox 1295 4478 1427 4550; x_wconf 81' lang='lat' dir='ltr'>loannes,</span> <span class='ocrx_word' id='word_1_493' title='bbox 1450 4480 1544 4540; x_wconf 88' lang='lat' dir='ltr'>Sancti</span> <span class='ocrx_word' id='word_1_494' title='bbox 1561 4481 1697 4541; x_wconf 83' lang='lat' dir='ltr'>Theodori</span> <span class='ocrx_word' id='word_1_495' title='bbox 1715 4485 1862 4549; x_wconf 74' lang='lat' dir='ltr'>diaconus</span> <span class='ocrx_word' id='word_1_496' title='bbox 1884 4496 1973 4550; x_wconf 86' lang='lat' dir='ltr'>cardi·</span> 
     </span>
    </p>

    <p class='ocr_par' dir='ltr' id='par_1_25' title="bbox 331 4568 1257 4640">
     <span class='ocr_line' id='line_1_45' title="bbox 331 4568 1257 4640; baseline 0.002 -15"><span class='ocrx_word' id='word_1_497' title='bbox 331 4569 437 4625; x_wconf 88' lang='lat' dir='ltr'>siarum</span> <span class='ocrx_word' id='word_1_498' title='bbox 457 4583 473 4622; x_wconf 89' lang='lat' dir='ltr'>a</span> <span class='ocrx_word' id='word_1_499' title='bbox 496 4568 599 4637; x_wconf 89' lang='lat' dir='ltr'>quibus</span> <span class='ocrx_word' id='word_1_500' title='bbox 615 4575 787 4623; x_wconf 89' lang='lat' dir='ltr'>mortuorum</span> <span class='ocrx_word' id='word_1_501' title='bbox 801 4584 917 4640; x_wconf 87' lang='lat' dir='ltr'>corpora</span> <span class='ocrx_word' id='word_1_502' title='bbox 931 4581 1135 4631; x_wconf 75' lang='lat' dir='ltr'>assumuntur</span> <span class='ocrx_word' id='word_1_503' title='bbox 1176 4571 1257 4627; x_wconf 82' lang='lat' dir='ltr'>nolis.</span> 
     </span>
    </p>

    <p class='ocr_par' dir='ltr' id='par_1_26' title="bbox 330 4658 1972 4745">
     <span class='ocr_line' id='line_1_46' title="bbox 330 4658 1972 4745; baseline 0.008 -28"><span class='ocrx_word' id='word_1_504' title='bbox 330 4658 457 4717; x_wconf 86' lang='lat' dir='ltr'>Obcunte</span> <span class='ocrx_word' id='word_1_505' title='bbox 471 4673 537 4713; x_wconf 81' lang='lat' dir='ltr'>rere</span> <span class='ocrx_word' id='word_1_506' title='bbox 551 4666 577 4713; x_wconf 91' lang='lat' dir='ltr'>te</span> <span class='ocrx_word' id='word_1_507' title='bbox 592 4673 667 4713; x_wconf 89' lang='lat' dir='ltr'>nunc</span> <span class='ocrx_word' id='word_1_508' title='bbox 687 4660 810 4730; x_wconf 82' lang='lat' dir='ltr'>ejusdcm</span> <span class='ocrx_word' id='word_1_509' title='bbox 834 4661 887 4717; x_wconf 92' lang='lat' dir='ltr'>loci</span> <span class='ocrx_word' id='word_1_510' title='bbox 912 4664 1059 4733; x_wconf 84' lang='lat' dir='ltr'>praeposito</span> <span class='ocrx_word' id='word_1_511' title='bbox 1079 4664 1121 4719; x_wconf 85' lang='lat' dir='ltr'>rel</span> <span class='ocrx_word' id='word_1_512' title='bbox 1210 4660 1267 4734; x_wconf 87' lang='lat' dir='ltr'>Ego</span> <span class='ocrx_word' id='word_1_513' title='bbox 1287 4661 1463 4735; x_wconf 79' lang='lat' dir='ltr'>Octavianus,</span> <span class='ocrx_word' id='word_1_514' title='bbox 1487 4668 1538 4726; x_wconf 88' lang='lat' dir='ltr'>SS</span> <span class='ocrx_word' id='word_1_515' title='bbox 1564 4670 1651 4745; x_wconf 86' lang='lat' dir='ltr'>Sergii</span> <span class='ocrx_word' id='word_1_516' title='bbox 1675 4679 1704 4728; x_wconf 90' lang='lat' dir='ltr'>et</span> <span class='ocrx_word' id='word_1_517' title='bbox 1722 4671 1972 4736; x_wconf 74' lang='lat' dir='ltr'>ltuecbidiaeorrs</span> 
     </span>
    </p>

    <p class='ocr_par' dir='ltr' id='par_1_27' title="bbox 331 4750 1331 4826">
     <span class='ocr_line' id='line_1_47' title="bbox 331 4750 1331 4826; baseline 0.008 -20"><span class='ocrx_word' id='word_1_518' title='bbox 331 4761 442 4807; x_wconf 91' lang='lat' dir='ltr'>tuorum</span> <span class='ocrx_word' id='word_1_519' title='bbox 464 4750 588 4820; x_wconf 89' lang='lat' dir='ltr'>quolibet</span> <span class='ocrx_word' id='word_1_520' title='bbox 614 4764 819 4815; x_wconf 89' lang='lat' dir='ltr'>successorum,</span> <span class='ocrx_word' id='word_1_521' title='bbox 834 4753 927 4809; x_wconf 90' lang='lat' dir='ltr'>nullus</span> <span class='ocrx_word' id='word_1_522' title='bbox 949 4755 1121 4826; x_wconf 87' lang='lat' dir='ltr'>ibiqualibet</span> <span class='ocrx_word' id='word_1_523' title='bbox 1136 4752 1160 4808; x_wconf 85' lang='lat' dir='ltr'>b</span> <span class='ocrx_word' id='word_1_524' title='bbox 1173 4756 1331 4814; x_wconf 83' lang='lat' dir='ltr'>cardinalis</span> 
     </span>
    </p>
   </div>
   <div class='ocr_carea' id='block_1_7' title="bbox 329 4841 1971 5007">
    <p class='ocr_par' dir='ltr' id='par_1_28' title="bbox 329 4841 1971 5007">
     <span class='ocr_line' id='line_1_48' title="bbox 330 4841 1971 4925; baseline 0.016 -28"><span class='ocrx_word' id='word_1_525' title='bbox 330 4842 518 4913; x_wconf 88' lang='lat' dir='ltr'>subreptionis</span> <span class='ocrx_word' id='word_1_526' title='bbox 536 4841 638 4895; x_wconf 84' lang='lat' dir='ltr'>astutia</span> <span class='ocrx_word' id='word_1_527' title='bbox 658 4842 849 4898; x_wconf 84' lang='lat' dir='ltr'>seuriolentia</span> <span class='ocrx_word' id='word_1_528' title='bbox 867 4848 1121 4916; x_wconf 85' lang='lat' dir='ltr'>praeponotur,irisi</span> <span class='ocrx_word' id='word_1_529' title='bbox 1208 4848 1265 4922; x_wconf 87' lang='lat' dir='ltr'>Ego</span> <span class='ocrx_word' id='word_1_530' title='bbox 1293 4852 1460 4925; x_wconf 80' lang='lat' dir='ltr'>bernardus,</span> <span class='ocrx_word' id='word_1_531' title='bbox 1477 4855 1585 4913; x_wconf 78' lang='lat' dir='ltr'>Sancta</span> <span class='ocrx_word' id='word_1_532' title='bbox 1607 4856 1700 4914; x_wconf 74' lang='lat' dir='ltr'>ilaris</span> <span class='ocrx_word' id='word_1_533' title='bbox 1724 4858 1813 4920; x_wconf 68' lang='lat' dir='ltr'>Nora</span> <span class='ocrx_word' id='word_1_534' title='bbox 1838 4865 1971 4923; x_wconf 65' lang='lat' dir='ltr'>ciaconus</span> 
     </span>
     <span class='ocr_line' id='line_1_49' title="bbox 329 4931 1247 5007; baseline 0.008 -17"><span class='ocrx_word' id='word_1_535' title='bbox 329 4948 411 5006; x_wconf 91' lang='lat' dir='ltr'>quem</span> <span class='ocrx_word' id='word_1_536' title='bbox 436 4932 537 4987; x_wconf 87' lang='lat' dir='ltr'>iratres</span> <span class='ocrx_word' id='word_1_537' title='bbox 561 4931 702 4986; x_wconf 90' lang='lat' dir='ltr'>communi</span> <span class='ocrx_word' id='word_1_538' title='bbox 725 4946 874 5003; x_wconf 70' lang='lat' dir='ltr'>conmnsn,</span> <span class='ocrx_word' id='word_1_539' title='bbox 894 4936 936 4991; x_wconf 85' lang='lat' dir='ltr'>vel</span> <span class='ocrx_word' id='word_1_540' title='bbox 953 4937 1041 5006; x_wconf 77' lang='lat' dir='ltr'>major</span> <span class='ocrx_word' id='word_1_541' title='bbox 1057 4954 1121 5007; x_wconf 82' lang='lat' dir='ltr'>pars</span> <span class='ocrx_word' id='word_1_542' title='bbox 1172 4944 1247 4999; x_wconf 89' lang='lat' dir='ltr'>card.</span> 
     </span>
    </p>
   </div>
   <div class='ocr_carea' id='block_1_8' title="bbox 329 5022 1969 5123">
    <p class='ocr_par' dir='ltr' id='par_1_29' title="bbox 329 5022 1969 5123">
     <span class='ocr_line' id='line_1_50' title="bbox 329 5022 1969 5123; baseline 0.015 -41"><span class='ocrx_word' id='word_1_543' title='bbox 329 5022 580 5091; x_wconf 84' lang='lat' dir='ltr'>consiliisanioris,</span> <span class='ocrx_word' id='word_1_544' title='bbox 601 5022 754 5080; x_wconf 86' lang='lat' dir='ltr'>secundum</span> <span class='ocrx_word' id='word_1_545' title='bbox 775 5022 862 5079; x_wconf 83' lang='lat' dir='ltr'>Deum</span> <span class='ocrx_word' id='word_1_546' title='bbox 887 5035 915 5081; x_wconf 87' lang='lat' dir='ltr'>et</span> <span class='ocrx_word' id='word_1_547' title='bbox 940 5026 1010 5081; x_wconf 88' lang='lat' dir='ltr'>beati</span> <span class='ocrx_word' id='word_1_548' title='bbox 1027 5028 1151 5100; x_wconf 72' lang='lat' dir='ltr'>trgu-</span> <span class='ocrx_word' id='word_1_549' title='bbox 1208 5035 1305 5094; x_wconf 82' lang='lat' dir='ltr'>ilatum</span> <span class='ocrx_word' id='word_1_550' title='bbox 1337 5040 1498 5113; x_wconf 80' lang='lat' dir='ltr'>Lateranis,</span> <span class='ocrx_word' id='word_1_551' title='bbox 1517 5064 1567 5119; x_wconf 92' lang='lat' dir='ltr'>per</span> <span class='ocrx_word' id='word_1_552' title='bbox 1598 5062 1710 5103; x_wconf 90' lang='lat' dir='ltr'>manum</span> <span class='ocrx_word' id='word_1_553' title='bbox 1733 5048 1839 5123; x_wconf 76' lang='lat' dir='ltr'>iluysi,</span> <span class='ocrx_word' id='word_1_554' title='bbox 1865 5066 1969 5112; x_wconf 67' lang='lat' dir='ltr'>nnus</span> 
     </span>
    </p>
   </div>
   <div class='ocr_carea' id='block_1_9' title="bbox 322 5113 1969 5301">
    <p class='ocr_par' dir='ltr' id='par_1_30' title="bbox 322 5113 1969 5299">
     <span class='ocr_line' id='line_1_51' title="bbox 328 5113 1969 5217; baseline 0.002 -44"><span class='ocrx_word' id='word_1_555' title='bbox 328 5115 394 5174; x_wconf 86' lang='lat' dir='ltr'>stirri</span> <span class='ocrx_word' id='word_1_556' title='bbox 412 5113 544 5186; x_wconf 82' lang='lat' dir='ltr'>Regulam</span> <span class='ocrx_word' id='word_1_557' title='bbox 559 5114 728 5185; x_wconf 83' lang='lat' dir='ltr'>protideriot</span> <span class='ocrx_word' id='word_1_558' title='bbox 744 5115 910 5186; x_wconf 86' lang='lat' dir='ltr'>eligendum.</span> <span class='ocrx_word' id='word_1_559' title='bbox 1171 5128 1301 5187; x_wconf 54' lang='lat' dir='ltr'>nomana,</span> <span class='ocrx_word' id='word_1_560' title='bbox 1310 5132 1439 5194; x_wconf 55' lang='lat' dir='ltr'>figerem</span> <span class='ocrx_word' id='word_1_561' title='bbox 1449 5141 1621 5211; x_wconf 63' lang='grc' dir='ltr'>ΙΙΙΙΙΙΙΙΙΙΙΙΙΙΙΙ</span> <span class='ocrx_word' id='word_1_562' title='bbox 1633 5157 1721 5199; x_wconf 62' lang='lat' dir='ltr'><strong>„cem</strong></span> <span class='ocrx_word' id='word_1_563' title='bbox 1733 5149 1846 5217; x_wconf 66' lang='grc' dir='ltr'>ΙΙΙΙΙΙΙΙ5</span> <span class='ocrx_word' id='word_1_564' title='bbox 1859 5156 1969 5208; x_wconf 67' lang='grc' dir='ltr'>ωΙΙΙΙι,Ι</span> 
     </span>
     <span class='ocr_line' id='line_1_52' title="bbox 322 5209 1969 5301; baseline 0.024 -40"><span class='ocrx_word' id='word_1_565' title='bbox 322 5285 324 5290; x_wconf 46' lang='grc' dir='ltr'>Ι</span> <span class='ocrx_word' id='word_1_566' title='bbox 363 5209 542 5265; x_wconf 81' lang='lat' dir='ltr'>Decerrrimus</span> <span class='ocrx_word' id='word_1_567' title='bbox 566 5209 659 5280; x_wconf 89' lang='lat' dir='ltr'>igitur,</span> <span class='ocrx_word' id='word_1_568' title='bbox 694 5218 723 5265; x_wconf 94' lang='lat' dir='ltr'>ut</span> <span class='ocrx_word' id='word_1_569' title='bbox 752 5210 819 5264; x_wconf 89' lang='lat' dir='ltr'>nulli</span> <span class='ocrx_word' id='word_1_570' title='bbox 842 5211 955 5268; x_wconf 90' lang='lat' dir='ltr'>omnino</span> <span class='ocrx_word' id='word_1_571' title='bbox 974 5213 1118 5271; x_wconf 89' lang='lat' dir='ltr'>homiuum</span> <span class='ocrx_word' id='word_1_572' title='bbox 1170 5221 1229 5277; x_wconf 88' lang='lat' dir='ltr'>larii</span> <span class='ocrx_word' id='word_1_573' title='bbox 1234 5224 1450 5298; x_wconf 70' lang='grc' dir='ltr'><strong>,ιιΙιΙιιιιιιιιῑὶΙ</strong></span> <span class='ocrx_word' id='word_1_574' title='bbox 1469 5232 1617 5290; x_wconf 79' lang='lat' dir='ltr'>indictione</span> <span class='ocrx_word' id='word_1_575' title='bbox 1633 5249 1671 5301; x_wconf 88' lang='lat' dir='ltr'>rr</span> <span class='ocrx_word' id='word_1_576' title='bbox 1686 5236 1893 5299; x_wconf 75' lang='lat' dir='ltr'>iucarnationis</span> <span class='ocrx_word' id='word_1_577' title='bbox 1918 5244 1969 5298; x_wconf 85' lang='lat' dir='ltr'>ltu-</span> 
     </span>
    </p>
   </div>
   <div class='ocr_carea' id='block_1_10' title="bbox 316 5299 1968 5616">
    <p class='ocr_par' dir='ltr' id='par_1_31' title="bbox 316 5299 1968 5612">
     <span class='ocr_line' id='line_1_53' title="bbox 326 5299 1968 5407; baseline 0.022 -50"><span class='ocrx_word' id='word_1_578' title='bbox 326 5301 408 5357; x_wconf 89' lang='lat' dir='ltr'>liccat</span> <span class='ocrx_word' id='word_1_579' title='bbox 424 5300 565 5372; x_wconf 82' lang='lat' dir='ltr'>praeiatam</span> <span class='ocrx_word' id='word_1_580' title='bbox 593 5299 738 5356; x_wconf 88' lang='lat' dir='ltr'>ecclesiam</span> <span class='ocrx_word' id='word_1_581' title='bbox 755 5310 858 5358; x_wconf 88' lang='lat' dir='ltr'>temere</span> <span class='ocrx_word' id='word_1_582' title='bbox 875 5305 1047 5374; x_wconf 89' lang='lat' dir='ltr'>perturbare,</span> <span class='ocrx_word' id='word_1_583' title='bbox 1070 5317 1118 5364; x_wconf 80' lang='lat' dir='ltr'>rut</span> <span class='ocrx_word' id='word_1_584' title='bbox 1169 5316 1277 5373; x_wconf 74' lang='lat' dir='ltr'>minicre</span> <span class='ocrx_word' id='word_1_585' title='bbox 1303 5319 1392 5386; x_wconf 77' lang='lat' dir='ltr'>itte,</span> <span class='ocrx_word' id='word_1_586' title='bbox 1419 5324 1593 5393; x_wconf 87' lang='lat' dir='ltr'>pontillcatus</span> <span class='ocrx_word' id='word_1_587' title='bbox 1611 5324 1715 5382; x_wconf 92' lang='lat' dir='ltr'>dommi</span> <span class='ocrx_word' id='word_1_588' title='bbox 1736 5328 1894 5391; x_wconf 82' lang='lat' dir='ltr'>Clementis</span> <span class='ocrx_word' id='word_1_589' title='bbox 1920 5351 1968 5407; x_wconf 77' lang='lat' dir='ltr'>pr·</span> 
     </span>
     <span class='ocr_line' id='line_1_54' title="bbox 316 5393 1452 5484; baseline 0.02 -36"><span class='ocrx_word' id='word_1_590' title='bbox 316 5393 387 5463; x_wconf 81' lang='lat' dir='ltr'>ejus</span> <span class='ocrx_word' id='word_1_591' title='bbox 401 5394 589 5462; x_wconf 86' lang='lat' dir='ltr'>possessiones</span> <span class='ocrx_word' id='word_1_592' title='bbox 608 5393 726 5460; x_wconf 82' lang='lat' dir='ltr'>auterre,</span> <span class='ocrx_word' id='word_1_593' title='bbox 745 5394 787 5448; x_wconf 89' lang='lat' dir='ltr'>vel</span> <span class='ocrx_word' id='word_1_594' title='bbox 802 5395 908 5451; x_wconf 83' lang='lat' dir='ltr'>oblatas</span> <span class='ocrx_word' id='word_1_595' title='bbox 923 5398 1051 5466; x_wconf 89' lang='lat' dir='ltr'>retinere,</span> <span class='ocrx_word' id='word_1_596' title='bbox 1064 5400 1117 5455; x_wconf 91' lang='lat' dir='ltr'>mi·</span> <span class='ocrx_word' id='word_1_597' title='bbox 1168 5424 1209 5478; x_wconf 80' lang='lat' dir='ltr'>pae</span> <span class='ocrx_word' id='word_1_598' title='bbox 1222 5410 1256 5464; x_wconf 91' lang='lat' dir='ltr'>lll</span> <span class='ocrx_word' id='word_1_599' title='bbox 1270 5427 1343 5469; x_wconf 88' lang='lat' dir='ltr'>anno</span> <span class='ocrx_word' id='word_1_600' title='bbox 1354 5417 1452 5484; x_wconf 88' lang='lat' dir='ltr'>primo.</span> 
     </span>
     <span class='ocr_line' id='line_1_55' title="bbox 325 5484 1607 5616; baseline 0.009 -78"><span class='ocrx_word' id='word_1_601' title='bbox 325 5499 422 5548; x_wconf 83' lang='lat' dir='ltr'>nuere,</span> <span class='ocrx_word' id='word_1_602' title='bbox 436 5498 484 5539; x_wconf 89' lang='lat' dir='ltr'>scu</span> <span class='ocrx_word' id='word_1_603' title='bbox 507 5484 675 5553; x_wconf 87' lang='lat' dir='ltr'>quibuslibet</span> <span class='ocrx_word' id='word_1_604' title='bbox 693 5485 886 5543; x_wconf 78' lang='lat' dir='ltr'>vexationibus</span> <span class='ocrx_word' id='word_1_605' title='bbox 910 5488 1042 5560; x_wconf 79' lang='lat' dir='ltr'>latigaie3</span> <span class='ocrx_word' id='word_1_606' title='bbox 1067 5491 1115 5548; x_wconf 88' lang='lat' dir='ltr'>sed</span> <span class='ocrx_word' id='word_1_607' title='bbox 1525 5555 1607 5616; x_wconf 70' lang='grc' dir='ltr'>ΙΙΙΙΙΙ</span> 
     </span>
    </p>
   </div>
   <div class='ocr_carea' id='block_1_11' title="bbox 325 5639 1967 5781">
    <p class='ocr_par' dir='ltr' id='par_1_32' title="bbox 325 5639 1967 5781">
     <span class='ocr_line' id='line_1_56' title="bbox 325 5639 1967 5781; baseline 0.007 -57"><span class='ocrx_word' id='word_1_608' title='bbox 325 5669 522 5741; x_wconf 88' lang='lat' dir='ltr'>gubernatione</span> <span class='ocrx_word' id='word_1_609' title='bbox 542 5684 575 5722; x_wconf 92' lang='lat' dir='ltr'>ac</span> <span class='ocrx_word' id='word_1_610' title='bbox 590 5671 791 5728; x_wconf 87' lang='lat' dir='ltr'>sustentatione</span> <span class='ocrx_word' id='word_1_611' title='bbox 812 5687 945 5728; x_wconf 82' lang='lat' dir='ltr'>concessa</span> <span class='ocrx_word' id='word_1_612' title='bbox 962 5686 1037 5743; x_wconf 88' lang='lat' dir='ltr'>sunt,</span> <span class='ocrx_word' id='word_1_613' title='bbox 1057 5676 1121 5731; x_wconf 89' lang='lat' dir='ltr'>usi·</span> <span class='ocrx_word' id='word_1_614' title='bbox 1165 5639 1313 5710; x_wconf 50' lang='lat' dir='ltr'>‘mmm</span> <span class='ocrx_word' id='word_1_615' title='bbox 1346 5647 1421 5700; x_wconf 61' lang='lat'>‘&#39;⁰¹&#39;&#39;</span> <span class='ocrx_word' id='word_1_616' title='bbox 1455 5665 1543 5721; x_wconf 68' lang='lat' dir='ltr'>&#39;⁸⁶⁰l&#39;0</span> <span class='ocrx_word' id='word_1_617' title='bbox 1573 5651 1728 5781; x_wconf 59' lang='lat' dir='ltr'>meS&#39;</span> <span class='ocrx_word' id='word_1_618' title='bbox 1800 5661 1904 5717; x_wconf 59' lang='lat' dir='ltr'>&#39;&#39;W&#39;&#39;</span> <span class='ocrx_word' id='word_1_619' title='bbox 1938 5672 1967 5719; x_wconf 75' lang='lat'>&#39;¹</span> 
     </span>
    </p>
   </div>
   <div class='ocr_carea' id='block_1_12' title="bbox 324 5685 1967 5867">
    <p class='ocr_par' dir='ltr' id='par_1_33' title="bbox 324 5685 1967 5867">
     <span class='ocr_line' id='line_1_57' title="bbox 324 5685 1967 5867; baseline 0.023 -52"><span class='ocrx_word' id='word_1_620' title='bbox 324 5761 376 5815; x_wconf 87' lang='lat' dir='ltr'>bus</span> <span class='ocrx_word' id='word_1_621' title='bbox 400 5760 568 5815; x_wconf 87' lang='lat' dir='ltr'>omnimodis</span> <span class='ocrx_word' id='word_1_622' title='bbox 590 5759 746 5829; x_wconf 78' lang='lat' dir='ltr'>protutura,</span> <span class='ocrx_word' id='word_1_623' title='bbox 766 5764 841 5818; x_wconf 84' lang='lat' dir='ltr'>salva</span> <span class='ocrx_word' id='word_1_624' title='bbox 866 5765 1114 5836; x_wconf 77' lang='lat' dir='ltr'>sedisapostolicae</span> <span class='ocrx_word' id='word_1_625' title='bbox 1199 5685 1849 5867; x_wconf 32' lang='lat' dir='ltr'>Jefr‘r&#39;gmgrfafffr&#39;iorssnermifr&#39;ssrgsrrarff</span> <span class='ocrx_word' id='word_1_626' title='bbox 1869 5730 1967 5790; x_wconf 54' lang='lat' dir='ltr'>mr</span> 
     </span>
    </p>
   </div>
   <div class='ocr_carea' id='block_1_13' title="bbox 323 5851 1705 5958">
    <p class='ocr_par' dir='ltr' id='par_1_34' title="bbox 323 5851 1705 5958">
     <span class='ocr_line' id='line_1_58' title="bbox 323 5851 1705 5958; baseline 0.007 -52"><span class='ocrx_word' id='word_1_627' title='bbox 323 5853 523 5907; x_wconf 63' lang='lat' dir='ltr'>auctoritateret</span> <span class='ocrx_word' id='word_1_628' title='bbox 536 5851 657 5922; x_wconf 85' lang='lat' dir='ltr'>episcopi</span> <span class='ocrx_word' id='word_1_629' title='bbox 672 5853 755 5908; x_wconf 85' lang='lat' dir='ltr'>vestri</span> <span class='ocrx_word' id='word_1_630' title='bbox 768 5856 901 5912; x_wconf 83' lang='lat' dir='ltr'>cononica</span> <span class='ocrx_word' id='word_1_631' title='bbox 912 5857 1030 5928; x_wconf 81' lang='lat' dir='ltr'>justitio.</span> <span class='ocrx_word' id='word_1_632' title='bbox 1414 5877 1562 5951; x_wconf 63' lang='grc' dir='ltr'>ΙΙΙΙΙΙΙΙΙΙΙΙΙΙ</span> <span class='ocrx_word' id='word_1_633' title='bbox 1578 5883 1641 5943; x_wconf 46' lang='lat' dir='ltr'>gun·</span> <span class='ocrx_word' id='word_1_634' title='bbox 1661 5887 1705 5958; x_wconf 68' lang='grc' dir='ltr'>ΙΙΙ)</span> 
     </span>
    </p>
   </div>
   <div class='ocr_carea' id='block_1_14' title="bbox 325 5943 1961 6147">
    <p class='ocr_par' dir='ltr' id='par_1_35' title="bbox 325 5943 1961 6147">
     <span class='ocr_line' id='line_1_59' title="bbox 364 5943 1845 6060; baseline 0.029 -63"><span class='ocrx_word' id='word_1_635' title='bbox 364 5943 461 6016; x_wconf 88' lang='lat' dir='ltr'>Siqua</span> <span class='ocrx_word' id='word_1_636' title='bbox 477 5945 560 6016; x_wconf 88' lang='lat' dir='ltr'>igitur</span> <span class='ocrx_word' id='word_1_637' title='bbox 585 5946 773 6004; x_wconf 88' lang='lat' dir='ltr'>ecclesiastica</span> <span class='ocrx_word' id='word_1_638' title='bbox 798 5952 1111 6026; x_wconf 69' lang='lat' dir='ltr'>saecularisvepersona</span> <span class='ocrx_word' id='word_1_639' title='bbox 1276 5965 1439 6039; x_wconf 65' lang='lat' dir='ltr'>[libertem</span> <span class='ocrx_word' id='word_1_640' title='bbox 1456 5971 1517 6031; x_wconf 77' lang='lat' dir='ltr'>Ser</span> <span class='ocrx_word' id='word_1_641' title='bbox 1528 5974 1590 6034; x_wconf 81' lang='lat' dir='ltr'>lter.</span> <span class='ocrx_word' id='word_1_642' title='bbox 1605 5977 1677 6034; x_wconf 76' lang='lat' dir='ltr'>Dori.</span> <span class='ocrx_word' id='word_1_643' title='bbox 1681 5977 1749 6048; x_wconf 72' lang='grc' dir='ltr'>ΙΝ,</span> <span class='ocrx_word' id='word_1_644' title='bbox 1763 5980 1845 6060; x_wconf 64' lang='lat' dir='ltr'>tte]</span> 
     </span>
     <span class='ocr_line' id='line_1_60' title="bbox 325 6030 1961 6147; baseline 0.032 -60"><span class='ocrx_word' id='word_1_645' title='bbox 325 6030 396 6089; x_wconf 82' lang='lat' dir='ltr'>bunc</span> <span class='ocrx_word' id='word_1_646' title='bbox 408 6042 509 6091; x_wconf 85' lang='lat' dir='ltr'>uostrae</span> <span class='ocrx_word' id='word_1_647' title='bbox 529 6036 735 6093; x_wconf 86' lang='lat' dir='ltr'>constitutionis</span> <span class='ocrx_word' id='word_1_648' title='bbox 755 6040 882 6110; x_wconf 82' lang='lat' dir='ltr'>paginam</span> <span class='ocrx_word' id='word_1_649' title='bbox 899 6044 1000 6102; x_wconf 89' lang='lat' dir='ltr'>sciens.</span> <span class='ocrx_word' id='word_1_650' title='bbox 1014 6058 1110 6104; x_wconf 91' lang='lat' dir='ltr'>contra</span> <span class='ocrx_word' id='word_1_651' title='bbox 1196 6054 1322 6115; x_wconf 81' lang='lat' dir='ltr'>Cteuerrs</span> <span class='ocrx_word' id='word_1_652' title='bbox 1334 6062 1489 6135; x_wconf 87' lang='lat' dir='ltr'>episcopus,</span> <span class='ocrx_word' id='word_1_653' title='bbox 1511 6081 1608 6126; x_wconf 81' lang='lat' dir='ltr'>sertus</span> <span class='ocrx_word' id='word_1_654' title='bbox 1622 6083 1766 6130; x_wconf 82' lang='lat' dir='ltr'>serrorum</span> <span class='ocrx_word' id='word_1_655' title='bbox 1783 6069 1847 6147; x_wconf 75' lang='lat' dir='ltr'>bet,</span> <span class='ocrx_word' id='word_1_656' title='bbox 1873 6093 1961 6137; x_wconf 75' lang='lat' dir='ltr'>teue-</span> 
     </span>
    </p>
   </div>
   <div class='ocr_carea' id='block_1_15' title="bbox 0 0 2296 6767">
    <p class='ocr_par' dir='ltr' id='par_1_36' title="bbox 0 0 2296 6767">
     <span class='ocr_line' id='line_1_61' title="bbox 0 0 2296 6767; baseline 0 0"><span class='ocrx_word' id='word_1_657' title='bbox 0 0 2296 6767; x_wconf 95' lang='lat' dir='ltr'> </span> 
     </span>
    </p>
   </div>
  </div>
 </body>
</html>
