4584 6767
328 576 364 634 er
689 571 695 578 ·
793 575 932 632 umnam
953 527 1195 631 sssmunsnru
1211 571 1313 629 ssoo.
1333 567 1499 629 nonaum.

328 692 400 744 ium
416 691 522 747 modica
539 701 636 761 pectus
652 689 746 760 requie
759 688 1053 761 composvitaubclum,
1137 693 1161 750 Α
1177 686 1274 745 Libato
1287 686 1369 756 digus
1380 683 1533 742 lentescunt
1552 681 1747 755 absiliuntque.

329 781 369 835 iic
384 780 447 836 iicet
458 778 594 846 invalidus
608 780 634 835 in
646 794 769 849 gressum
780 781 897 851 subrigit
911 789 998 860 artus,
1175 778 1298 848 [tetrique
1309 777 1405 847 maiori
1418 778 1531 848 quinam
1544 776 1721 832 cumulantur
1736 775 1854 843 bonore.

330 873 488 944 insistitque
508 874 592 938 viana,
608 873 631 928 si
646 872 716 929 iorte
733 874 794 941 quis
811 872 1000 930 obriusadsit.
1174 871 1260 938 Quam
1276 870 1376 946 quibus¹
1396 870 1422 925 ld
1435 878 1567 946 tractare,
1581 882 1695 923 sacrate
1713 866 1816 927 tributa
1831 872 1968 937 potestas

332 963 384 1031 Qui
400 978 494 1017 curam
518 962 570 1017 sibi
583 962 752 1029 eovvvpatieus
767 962 907 1032 irppcuriat
919 962 1033 1016 ataricus.
1176 960 1286 1015 scilicet
1296 947 1384 1015 officio
1396 959 1420 1014 si
1432 968 1565 1015 consonet
1575 957 1646 1014 actio
1660 958 1723 1014 vite

306 1105 317 1126 Ι,
331 1052 813 1124 Quemdumquaeritat‚bostisadest,
822 1061 1122 1121 captumquereteutat.
1176 1051 1290 1121 Simque
1303 1067 1400 1108 manvus
1413 1051 1530 1116 tuuvrdae,
1547 1050 1639 1107 cordis
1652 1050 1719 1107 sine
1726 1048 1933 1124 sordibusarca

331 1145 366 1201 Et
381 1145 457 1201 ducis
468 1146 494 1199 iu
511 1146 613 1198 sutirum
628 1146 751 1217 perducit
766 1145 982 1200 discutiendum.
1175 1144 1241 1209 erae
1254 1159 1315 1197 arran
1329 1143 1440 1198 coeieste
1454 1154 1550 1213 queat,
1565 1153 1594 1197 ut
1606 1150 1708 1212 par-est
1723 1141 1864 1197 retinere?

368 1236 446 1292 Unde
457 1237 493 1293 sit
506 1236 558 1310 *iiio
572 1249 658 1307 rugat,
670 1252 717 1291 seu
728 1236 806 1303 cuius
817 1236 997 1295 rarrdinornsi
1176 1236 1242 1290 Nam
1258 1234 1323 1290 iacit
1334 1248 1394 1290 esse
1410 1236 1476 1292 deos
1491 1235 1563 1289 bens
1574 1234 1630 1289 aris
1644 1233 1754 1288 victima
1777 1232 1875 1288 lactus.

331 1326 417 1396 Cujus
435 1334 464 1381 et
477 1326 576 1380 olbciii
587 1343 651 1381 rrrrvu
668 1326 747 1393 liber,
762 1340 810 1381 seu
825 1326 985 1395 popularis?
1120 1347 1127 1354 ·
1178 1329 1277 1383 vervina
1289 1339 1378 1399 coepia
1392 1330 1469 1404 prius
1481 1328 1567 1387 ordiri
1578 1327 1634 1395 iam
1654 1334 1821 1396 repetamus.
1895 1394 1897 1399 ,

331 1416 488 1473 'tissimuiat
500 1417 608 1487 jvrrerris
622 1418 693 1486 quud
707 1427 765 1472 erat
781 1416 868 1472 solers
880 1417 999 1487 aperire,
1211 1420 1283 1492 Ergo
1297 1405 1409 1491 stupens
1419 1407 1546 1490 jussuum
1560 1419 1686 1489 princeps
1700 1417 1771 1472 baud
1785 1431 1864 1489 posse
1876 1416 1967 1493 iugari,

331 1507 518 1578 lvividiamque
528 1523 638 1584 caretas,
654 1508 720 1563 Sutu
735 1524 840 1579 pauper
853 1509 985 1576 rusticus,
997 1505 1100 1579 inquit‚'
1176 1516 1203 1568 id
1215 1528 1333 1584 quonam
1353 1514 1522 1583 llat,satagit
1532 1513 1689 1583 perdiscere
1701 1522 1791 1583 pacto.
1999 1509 2001 1514 '

267 1606 272 1620 ¹
330 1602 517 1672 iaegitiruoquc
531 1605 597 1659 inihi
612 1602 710 1672 corrjur
725 1620 830 1659 antvexa
845 1604 941 1660 cubili.
1160 1605 1405 1676 haudquaquam,
1421 1604 1545 1665 borrune.
1560 1590 1721 1659 sceleribus
1734 1611 1837 1663 vertas.
1851 1602 1890 1658 ait
1905 1601 1951 1657 illu

331 1689 387 1745 iles
403 1693 481 1748 uobis
493 1703 597 1757 tenues.
621 1694 759 1763 indeptum
779 1693 896 1762 densique
912 1692 1047 1763 quidquid
1176 1698 1251 1751 Artis
1266 1711 1317 1751 neu
1334 1695 1446 1765 magica
1460 1706 1570 1765 reputes
1594 1693 1731 1765 prestigia
1748 1707 1842 1760 nosse,

330 1780 449 1838 Servitia
465 1783 559 1849 luerit,
571 1784 661 1839 socios
679 1786 815 1856 partimur
832 1785 859 1839 iu
874 1800 950 1841 ustis.
1177 1786 1261 1840 linea
1278 1784 1441 1840 Cirristicoia
1459 1783 1554 1855 procul
1568 1791 1628 1839 esto
1643 1791 1767 1853 pectore.
1780 1782 1875 1839 iroute

331 1870 411 1936 Turni,
425 1873 495 1929 bone
505 1874 571 1939 dus,
583 1889 645 1929 cunr
657 1876 708 1929 sius
722 1875 839 1931 bellandi
851 1876 964 1945 ignarus
974 1885 1000 1930 et
1013 1889 1123 1946 expers,
1175 1875 1355 1946 Carrgestarue
1369 1874 1475 1946 insigne
1489 1874 1579 1930 crucis
1592 1869 1755 1941 baptismate
1769 1882 1860 1927 rrrrcto.

329 1961 374 2018 iiii
389 1964 484 2033 patriae
500 1955 612 2034 prepter
631 1965 705 2022 aliud
721 1981 780 2022 sum
796 1977 890 2026 castra
910 1975 1030 2029 secutum.
1178 1968 1230 2023 Ars
1244 1967 1331 2037 usuagis
1345 1968 1404 2021 hae
1427 1965 1566 2021 borrriuuru
1581 1964 1630 2019 sub
1645 1962 1786 2019 damantis
1802 1961 1969 2032 agitantum,
2004 1961 2008 1968 '

330 2055 418 2121 Quam
437 2070 491 2132 quo
505 2055 637 2112 rivilitibus
655 2057 788 2112 deievrem
804 2057 941 2128 expendia
959 2056 1058 2124 rictus,
1141 2019 1241 2124 Boaris
1262 2058 1331 2113 ratio
1344 2057 1427 2118 uuila.
1442 2070 1524 2124 grave
1537 2064 1642 2125 pectus,
1653 2062 1681 2108 et
1693 2053 1763 2108 actio
1773 2052 1844 2108 dira.

330 2144 427 2202 Edicto
441 2157 470 2202 ut
484 2148 550 2202 mibi
565 2148 648 2219 regali
664 2150 830 2219 paribusque
855 2158 1000 2205 statutum.
1149 2206 1156 2217 ⁸
1174 2147 1242 2203 Nam
1257 2148 1377 2203 retinent
1388 2148 1494 2202 suiuus
1508 2154 1618 2201 terrem
1636 2144 1663 2199 in
1674 2142 1786 2214 puluere
1797 2155 1907 2201 curves.

330 2237 384 2293 iies
404 2238 488 2307 igitur
505 2240 623 2305 veniam,
639 2239 721 2311 plecti
736 2255 833 2298 servos
847 2243 938 2297 nvirrus
952 2255 1073 2311 aequum,
1175 2237 1231 2294 Nec
1248 2237 1370 2293 barathri
1390 2245 1516 2292 metuunt
1527 2235 1668 2302 metamur
1682 2233 1795 2302 cupiunt
1807 2232 1878 2288 berra
1894 2231 1970 2316 celi,

331 2327 486 2384 olm-ruane
498 2329 599 2398 quibus
612 2344 691 2402 reges
711 2332 891 2401 dominosque
909 2346 1021 2405 necesse
1032 2342 1086 2390 est.
1128 2323 1131 2330 ’
1178 2330 1299 2387 Perditio
1313 2344 1429 2401 quorum
1453 2328 1618 2393 certissima.
1634 2326 1661 2381 ui
1675 2325 1844 2395 resipiscant.

368 2420 500 2477 iurentur
510 2421 554 2476 his
564 2422 909 2493 princeps-miserodolet,
919 2438 952 2478 ac
968 2422 1122 2478 uviseretur.
1176 2424 1322 2496 Presbyter
1336 2423 1425 2480 euicto
1442 2423 1507 2491 quin
1522 2422 1549 2476 iu
1566 2419 1654 2491 patria
1667 2426 1708 2475 cst
1721 2418 1787 2472 mibi
1799 2418 1897 2482 irater,

265 2516 269 2526 '
330 2512 439 2581 Colligit
457 2513 533 2580 binc,
550 2513 662 2569 adhibet
674 2515 805 2578 averiis-os.
820 2516 958 2584 impendia
972 2515 1087 2586 prebet.
1175 2519 1338 2588 Ercruptunv
1351 2517 1424 2572 beiio
1439 2515 1486 2586 qui
1497 2528 1551 2581 rue,
1566 2510 1640 2572 reiut
1655 2512 1772 2592 aestimo,
1782 2510 1900 2581 'credens

330 2608 365 2656 tit
380 2613 523 2673 postquam
537 2605 614 2660 rediit
629 2606 707 2675 vigor
721 2614 749 2661 ct
763 2620 909 2661 sanescere
923 2606 1018 2676 erepit,
1176 2608 1266 2663 linaria
1278 2607 1423 2663 vnissarutu
1438 2612 1488 2682 pro
1508 2619 1551 2660 ure
1563 2602 1714 2660 veneranda
1735 2602 1903 2672 frequentat,

330 2693 415 2749 Noctu
429 2710 462 2750 ne
476 2697 701 2765 lagenensium}
723 2679 853 2766 corruperis
864 2697 956 2765 jussit.
1175 2702 1214 2754 ric
1229 2698 1309 2754 ruodo
1323 2699 1345 2753 si
1359 2698 1434 2753 seclo
1448 2696 1537 2767 poeuis
1547 2695 1688 2750 addicerer
1700 2693 1756 2758 illu,

331 2783 385 2840 Sed
402 2786 492 2855 potuit
504 2785 577 2840 trulla
593 2787 700 2841 vivacius
722 2788 829 2841 ratione
843 2788 939 2841 teneri.
1176 2790 1206 2847 lu
1226 2790 1301 2859 quud
1315 2789 1476 2853 succeduut.
1492 2801 1525 2841 ex
1541 2786 1591 2841 irue
1602 2785 1758 2855 quicunque
1771 2782 1903 2839 recedunt

329 2874 396 2931 liam
408 2879 490 2933 simui
505 2878 756 2957 abscessitcusios
779 2881 825 2950 qui
842 2881 951 2936 vincula
966 2882 1088 2951 strinxit,
1177 2881 1251 2938 lilius
1264 2883 1389 2950 requiem·
1403 2881 1508 2936 viveritis
1519 2879 1636 2935 iortasse
1649 2891 1779 2933 insererer.
1845 2947 1853 2962 ι

223 3029 227 3036 ,
329 2971 378 3026 Est
389 2970 519 3026 invisibili
533 2981 655 3026 actutum
675 2972 777 3028 virtute
791 2973 911 3042 solutus,
1176 2975 1310 3030 Praeterea
1334 2983 1439 3043 terripus
1450 2973 1516 3027 inibi
1532 2973 1632 3044 degens
1644 2972 1813 3050 aliquantum

328 3063 454 3118 Attuarito
468 3071 542 3118 tarrta
557 3063 639 3117 uirrris
654 3064 772 3133 ipsoruet
785 3061 917 3121 novitate}
1177 3065 1249 3142 idem
1265 3065 1399 3120 clarorum
1412 3064 1522 3133 juvenis
1533 3064 1699 3134 spectamine
1710 3077 1815 3128 morum

265 3188 272 3200 .
367 3150 464 3207 Frater
475 3152 623 3221 porrosibi
641 3152 697 3205 rita
716 3153 862 3209 decoratus
883 3154 1000 3212 honesta
1033 3154 1036 3158 ’
1176 3158 1304 3221 Proditus
1318 3168 1369 3222 cst.
1387 3156 1499 3212 ruiuiuvc
1511 3154 1618 3227 vulgari
1633 3156 1704 3210 iorte
1717 3152 1802 3209 luisse

330 3244 509 3313 Ciliciamque
522 3257 621 3313 gerens
637 3242 792 3298 vetuerabiie
807 3245 1016 3317 presbyteratus
1178 3250 1339 3315 Steruruate‚
1356 3249 1480 3318 quinimo
1491 3248 1563 3319 quod
1577 3247 1694 3313 celabat,
1706 3260 1850 3317 generoso.

329 3334 413 3388 Fatua
428 3339 474 3404 qui
486 3335 611 3389 iuriuctus
623 3336 707 3389 arturis
719 3334 794 3389 iilum
808 3337 954 3401 cecidisse,
985 3323 987 3327 ’
1175 3340 1284 3411 Quippe
1300 3341 1373 3409 quud
1389 3339 1532 3408 addidicit,
1545 3338 1653 3410 longum
1665 3338 1737 3409 quod
1755 3339 1881 3399 travitin
1891 3353 1969 3406 usum

331 3424 448 3479 Seriuius
459 3427 624 3481 exstinctum
639 3429 795 3498 properavit
809 3427 903 3484 toliere
915 3443 1015 3498 corpus
1135 3389 1159 3452 C
1175 3430 1202 3483 iu
1219 3439 1324 3498 tempus
1346 3429 1466 3500 longum,
1486 3431 1578 3499 nequit
1595 3429 1664 3484 ullus
1679 3428 1860 3484 dissimulare.
1966 3410 1969 3416 ¹

329 3517 463 3582 Alterius.
476 3518 606 3574 sedenim
619 3521 664 3589 qui
679 3520 749 3576 iorie
759 3522 915 3577 simillimus
930 3532 1014 3587 esset,
1176 3519 1229 3575 Sed
1242 3522 1413 3591 quiscunque
1424 3529 1500 3591 patet
1514 3535 1663 3591 propensus
1680 3520 1774 3576 scdulo
1784 3521 1879 3592 signis.

282 3660 285 3664 ,
329 3605 473 3661 inveniens
487 3622 583 3676 carupo
597 3608 692 3664 bairis
706 3620 783 3680 putat
794 3626 855 3668 esse
869 3612 998 3669 cadauer.
1175 3610 1243 3667 iiiuc
1262 3621 1289 3666 ct
1303 3611 1416 3667 adorsus
1426 3627 1489 3667 cum
1501 3612 1626 3682 parisiceps
1639 3622 1716 3667 roeai
1731 3612 1776 3668 iile
1789 3626 1926 3678 seorsum,

330 3694 388 3752 iioc
398 3698 539 3764 tavauiroc
550 3700 623 3757 vehit
633 3702 974 3774 inpatriaris,turriulatque
984 3704 1122 3770 decenter,
1175 3702 1268 3772 litque
1283 3704 1333 3758 sibi
1353 3712 1468 3772 retegatq
1485 3702 1589 3771 quirit,
1603 3702 1766 3773 propensius
1780 3703 1863 3757 iustat

330 3786 395 3852 iljrrs
410 3803 459 3858 pro
471 3790 566 3857 requie
580 3806 630 3847 uec
644 3794 746 3847 orrrittit
759 3793 951 3861 percelebrare
1175 3795 1327 3850 barruuodu
1342 3796 1380 3850 nii
1394 3793 1479 3860 iailat,
1494 3802 1581 3850 tutum
1595 3808 1676 3864 super
1689 3794 1741 3850 hoc
1758 3793 1818 3850 iure
1832 3795 1924 3853 ilrutet

331 3878 475 3936 llissarurn
491 3880 577 3935 triiiria
592 3883 687 3937 devota
702 3884 855 3939 sedulitate.
1174 3884 1288 3951 Prusiam
1303 3900 1379 3951 vera,
1394 3884 1476 3941 reiert
1488 3886 1538 3941 etsi
1552 3885 1673 3955 graviter
1684 3886 1860 3956 cruciandus.

260 4039 263 4044 ¹
331 3969 399 4024 iiiuc
418 3970 499 4025 voluti
511 3972 624 4034 dictum.
646 3989 739 4028 revera
759 3967 946 4043 proveniebat,
1175 3974 1229 4030 Nec
1242 3976 1312 4031 lictis
1324 3985 1395 4042 utar,
1408 3974 1459 4029 etsi
1472 3974 1582 4031 crudele
1596 3976 1745 4031 necandus.

330 4060 503 4132 liejuveneuv
518 4064 643 4133 imposita
659 4065 782 4135 quissent
797 4068 988 4139 constringere
1002 4069 1103 4123 vivacia.
1174 4066 1276 4137 Nempe
1291 4066 1329 4122 lui
1344 4068 1415 4138 regis
1424 4077 1452 4122 et
1465 4067 1545 4121 miles
1557 4077 1584 4122 et
1599 4064 1732 4133 officialis,
1788 4119 1792 4126 ,

277 4220 282 4230 ι
367 4154 420 4209 Sed
432 4155 493 4211 iidei
507 4156 651 4229 quisquam
668 4173 702 4212 rre
717 4158 876 4228 ascripserit
890 4160 941 4215 boc
958 4160 1122 4232 peregrinae,
1174 4158 1256 4230 lingis
1270 4159 1423 4230 praecipuos
1436 4172 1488 4213 uon
1504 4157 1615 4213 inlisum
1627 4158 1698 4213 iuter
1712 4156 1826 4224 anticos,

275 4300 278 4307 ,
331 4246 458 4303 Veridico
471 4263 539 4319 papa
553 4248 702 4319 Gregorius
716 4237 817 4306 rrureus
829 4266 887 4307 ore.
916 4237 919 4250 '
1178 4250 1234 4316 Nec
1252 4240 1381 4322 populare
1396 4264 1483 4321 genus
1498 4249 1576 4315 mibi,
1588 4249 1680 4305 eiureo
1701 4249 1834 4320 savrguiue
1847 4251 1932 4306 avito.

329 4336 507 4409 Nequaquam
522 4340 645 4397 absimile
663 4344 791 4411 quiddam
808 4343 908 4414 iegitur
922 4358 1085 4411 memorare,
1175 4341 1288 4411 ingenui
1303 4355 1405 4406 nrorcs,
1418 4340 1466 4405 ait,
1480 4349 1506 4395 et
1525 4354 1655 4409 respousa
1672 4340 1712 4394 vei
1736 4348 1812 4393 actus

329 4430 431 4486 Ductus
443 4432 514 4501 quod
525 4432 605 4489 luent
616 4436 726 4504 quitiam
739 4436 863 4506 captiuus
879 4437 914 4493 ab
926 4436 1016 4499 busto.
1177 4433 1335 4489 i‘rodebaat
1350 4432 1427 4496 turibi,
1440 4430 1513 4499 quod
1529 4445 1581 4485 uon
1598 4439 1677 4500 geute
1692 4428 1832 4500 gregarius
1842 4442 1931 4487 esses.
1956 4428 1958 4432 ’

328 4521 380 4589 Qui
395 4522 488 4578 tulerit
502 4524 602 4580 rutulius
613 4525 767 4584 arctissima
785 4527 873 4582 vinela
888 4544 938 4598 per
948 4542 1045 4591 aranos,
1173 4523 1206 4583 Ει
1224 4532 1252 4577 lii
1266 4523 1321 4577 line
1331 4522 1439 4590 quidem
1458 4520 1582 4577 coiiiiiml
1597 4520 1695 4591 diguus
1706 4520 1817 4586 aceib0.

329 4612 486 4669 Excussisse
501 4623 590 4669 tanuen
605 4616 659 4669 vita
674 4616 736 4670 duam
750 4618 865 4672 credidit
881 4634 961 4683 visor,
1172 4612 1295 4683 Novasque
1309 4612 1446 4669 tuillartc
1462 4614 1532 4683 regis
1543 4616 1668 4684 tristique
1682 4605 1820 4681 triurupiio

328 4703 402 4758 lilius
414 4705 449 4759 ob
464 4705 584 4774 requiem
601 4693 683 4759 c'ertis
695 4706 851 4764 holocausta
866 4709 963 4765 diebus
1138 4705 1262 4783 pertusi
1280 4705 1390 4771 iratres.
1403 4706 1622 4777 curvsanguiueos
1636 4717 1663 4760 et
1681 4705 1803 4759 andros:

328 4793 441 4865 ilystieu
454 4793 534 4849 libari
553 4810 661 4850 sacram
674 4795 791 4852 iaciebat
807 4801 842 4854 ad
855 4814 932 4855 araur
1173 4796 1226 4852 Sed
1245 4798 1293 4853 tibi
1304 4797 1395 4867 jurata
1412 4811 1583 4868 nequaquam
1597 4795 1769 4861 conviolabo,

328 4883 485 4939 saisitis-um
504 4884 605 4941 Christi
620 4901 719 4957 corpus
732 4889 892 4964 Christique
909 4906 1046 4958 cruorem,
1172 4891 1262 4957 aitque
1278 4888 1357 4946 isdem
1369 4897 1477 4959 pactam
1491 4903 1541 4943 nce
1564 4903 1644 4957 poena
1662 4888 1767 4942 uindice
1783 4887 1898 4953 saluam,

327 4972 406 5030 ilices
415 4985 443 5031 et
457 4976 552 5031 boiaea
568 4978 675 5048 captiuo
689 4978 870 5046 dissiliebant,
1171 4981 1227 5037 Nec
1241 4981 1362 5037 scindam
1375 4991 1473 5045 morte,
1484 4967 1552 5049 quin'
1564 4978 1680 5050 plectam
1695 4979 1860 5035 venditione.

300 5079 307 5088 ·
327 5066 417 5136 hique
428 5066 581 5131 irvcessebat
593 5069 682 5136 labor,
698 5068 848 5140 iudiciique
861 5071 981 5130 dolores.
1206 5075 1246 5129 Ex
1258 5074 1344 5145 plagis
1357 5073 1438 5143 igitur
1453 5072 1497 5128 ubi
1512 5071 1590 5142 piane
1602 5071 1794 5132 convaluisset,

327 5159 368 5213 tiri
380 5161 471 5216 rraiaie
486 5160 573 5216 seium
584 5160 631 5230 qui
643 5169 705 5232 post
716 5162 877 5231 quaudoque
889 5178 1030 5235 regressus
1172 5166 1245 5223 liure
1257 5165 1446 5222 subhastatum
1460 5165 1542 5227 servi,
1560 5166 1606 5235 qui
1621 5165 1762 5219 obvenerit
1775 5165 1871 5229 armis.

250 5242 257 5246 “
305 5248 437 5307 4ἰἰιιιιιιε
453 5249 543 5316 osori.
558 5254 631 5321 quod
642 5254 802 5323 contigerat,
814 5252 957 5324 *patefecit
1172 5258 1225 5313 litii
1240 5257 1398 5315 Fresiouum
1411 5256 1501 5327 pretio
1511 5256 1677 5314 contradidit
1692 5255 1780 5312 ilium.

328 5338 394 5407 Qua
404 5353 552 5411 protestata
566 5352 610 5400 cst
621 5344 758 5415 bonasque
769 5342 856 5404 tuisse
870 5344 982 5416 diesque
1170 5351 1277 5420 Quique
1305 5348 1419 5406 studens
1449 5363 1558 5405 seruutu
1588 5346 1685 5406 vinciis
1723 5348 1842 5404 retinere
1875 5362 1968 5404 eoevrs

327 5430 414 5500 ipsius
428 5432 509 5487 oblati
524 5434 602 5491 toties
619 5437 786 5493 relevamine
797 5436 879 5493 sacri.
1843 5440 1931 5514 [ptum

362 5518 434 5586 Quin
449 5528 477 5575 et
493 5511 656 5580 waraccam
666 5528 750 5583 uraris
762 5536 822 5584 atro
833 5525 941 5598 gurgite
951 5538 1065 5584 nautam
1172 5534 1226 5591 Nec
1239 5533 1326 5592 vaiuit
1342 5533 1421 5593 uoriis
1434 5545 1563 5590 contuere
1573 5547 1624 5588 nec
1634 5518 1740 5589 artibus
1753 5531 1827 5599 ullis,

327 5612 494 5681 absorptum
505 5626 573 5679 poue
588 5615 683 5671 doctor
697 5634 749 5673 riou
763 5620 883 5688 praeterit
894 5619 963 5689 ipse,
1171 5626 1335 5681 iiuitivuodis
1345 5639 1502 5696 quanquam
1515 5623 1648 5680 variasset
1660 5625 1780 5694 pondera
1795 5618 1899 5688 baccis.

264 5705 268 5715 '
328 5704 459 5759 Presidio
474 5712 559 5760 tutum
578 5704 624 5758 taii
638 5718 818 5778 ereptumque
833 5710 928 5768 luisse.
1172 5713 1224 5770 hes
1239 5725 1328 5773 buren
1340 5716 1398 5771 hec
1411 5716 1492 5781 mira,
1509 5729 1572 5770 cuni
1589 5726 1666 5771 terna
1677 5722 1803 5785 surgeret
1815 5714 1894 5784 liora,

327 5795 376 5856 Est
393 5796 475 5868 igitur
488 5797 526 5853 uii
537 5798 708 5854 corrrmodius
720 5798 758 5853 uii
773 5801 881 5870 dignius
896 5806 958 5871 iste,
1170 5808 1266 5863 iiissas
1280 5808 1390 5879 quaudo
1403 5807 1569 5863 sacrasheri
1585 5807 1746 5865 solemniter
1761 5821 1850 5873 usus,-

247 5947 251 5956 ,
328 5889 388 5957 Quo
401 5891 494 5946 vivuat
505 5891 614 5959 anirum.
629 5902 789 5961 vegetantur
800 5910 915 5964 corpora
928 5912 1020 5965 sacro,
1169 5898 1296 5953 Crebrius
1308 5899 1335 5952 in
1347 5898 1446 5965 iuvene
1455 5898 1511 5969 iani
1527 5898 1584 5955 tato
1598 5885 1785 5970 proveniebat.

330 5980 389 6064 Quo
408 5993 462 6042 taut
477 5986 601 6058 corporei
615 6001 698 6059 quatu
714 6000 803 6045 rietus
817 5988 975 6057 spirituales
1170 5987 1239 6048 ilinc
1256 5998 1282 6045 et
1299 5988 1323 6045 ei
1338 6001 1399 6047 sese
1414 5989 1564 6048 redimendi
1574 5991 1677 6050 indulta
1693 5991 1820 6059 facultas.
1848 5987 1852 5992 ’
