4584 6767
356 622 412 682 sot

943 626 1068 689 anter.
1091 631 1332 692 neocastren.
1355 611 1488 692 etune

1949 646 2002 704 tut

358 739 1199 817 tioudieaplentiadicitaiieatibellatores'etimmites,quo·A
1214 748 1256 804 tis
1276 748 1441 816 uoluntaria,
1465 764 1547 820 quam
1574 753 1728 824 segregarit
1750 753 1822 811 Deus
1851 756 2003 820 nereditati

356 832 757 904 niamipsipossidentterram.
772 833 912 905 Sapientia
929 835 975 891 Dei
984 837 1049 892 dicit
1059 855 1066 889 ε
1077 836 1157 912 ΒιιιιΙ

356 924 515 998 qtrt‘lupent,
523 923 649 992 quoniam
662 924 711 994 ipsi
722 924 1034 998 consolabuntnrlididi.
1043 926 1157 997 Sapien-

358 1020 399 1076 tia
411 1018 505 1074 mundi
518 1017 585 1073 dicit
599 1016 696 1073 :Beati
721 1017 767 1087 qui
779 1018 879 1081 rident,
891 1018 1020 1087 qnoniam
1040 1019 1090 1090 ipsi
1098 1019 1155 1090 jam

358 1125 434 1167 nune
445 1107 783 1179 consulantur.saptcnua
795 1111 887 1165 mundi
908 1111 1053 1166 cliritiaset
1070 1112 1156 1167 risum

355 1215 386 1261 et
397 1202 525 1273 gaudium
537 1200 681 1269 praesentis
692 1199 755 1255 titae
766 1198 864 1269 prebat
877 1193 1008 1256 et'lautlat
1020 1210 1047 1255 et
1069 1209 1156 1267 aurat,

356 1294 425 1366 quia
443 1301 606 1364 presentem
628 1290 745 1346 aderunt
760 1291 973 1348 consolationem
985 1309 993 1358 3
1007 1302 1156 1364 pauperta-

356 1398 415 1444 tem
428 1384 565 1441 etinctum
580 1383 636 1440 odit
647 1392 675 1438 et
689 1383 810 1447 damnat,
827 1386 889 1453 quia
903 1392 1062 1453 praesentent
1076 1384 1156 1439 deso-

344 1467 487 1534 lationum
503 1476 613 1531 habent.
627 1474 674 1530 Dei
687 1475 821 1545 sapientia
837 1476 898 1530 tite
920 1475 1062 1545 praesentis
1089 1491 1156 1544 gart·

356 1572 406 1628 dia
422 1586 491 1626 tana
506 1569 611 1639 judicat
631 1576 659 1623 et
675 1567 776 1634 noxia,
796 1578 888 1639 utpote
913 1569 1040 1623 uitiorum
1069 1568 1155 1622 nutri·

357 1672 451 1718 menta
470 1671 497 1716 et
516 1659 710 1728 impedimenta
723 1657 829 1714 salutis.
845 1658 1035 1729 Paupertatem
1051 1673 1114 1712 roro
1128 1665 1156 1713 et

354 1755 462 1812 luctum
488 1733 665 1810 commendat
688 1759 715 1806 et
737 1761 822 1815 amat,
848 1760 977 1819 tanquam
999 1749 1154 1819 purgatoria

354 1848 498 1913 vitiorum,
521 1853 549 1899 et
571 1843 783 1899 interminabilis
802 1842 982 1913 preparatum
1005 1840 1153 1895 felicitatis.

355 1937 500 2007 Sapientia
517 1934 565 1990 lter
575 1944 604 1991 et
617 1934 751 2005 sapientia
768 1934 847 2002 liujus
873 1933 967 1987 mundi
982 1932 1092 1987 siconis
1107 1932 1154 2000 ju·

1209 841 1314 896 eumin
1330 842 1379 897 ltac
1394 841 1463 897 ualle
1484 841 1676 915 lacrymarum,
1695 845 1721 899 iu
1745 860 1797 915 qua
1821 848 1877 902 nati
1896 865 2001 916 sumus,

1209 937 1402 1006 eopiosanonis
1416 938 1626 1007 srtppetitcausa
1641 940 1761 1009 lugendi,
1777 941 1822 995 ulti
1835 948 1920 996 totum
1930 944 2003 1013 qnod

1207 1030 1336 1093 occttrrit,
1351 1038 1397 1083 aut
1408 1032 1479 1099 quod
1497 1030 1569 1086 intra
1587 1046 1637 1087 nos
1649 1041 1702 1098 est,
1719 1041 1767 1088 aut
1781 1041 1859 1090 extra
1885 1050 1934 1091 nos
1948 1044 2002 1101 est,

1208 1120 1253 1173 vir
1267 1119 1341 1174 aliud
1354 1131 1406 1185 est,
1420 1136 1501 1191 quam
1514 1120 1624 1192 lugendi
1640 1123 1767 1192 matoria.
1795 1122 1871 1180 Adeo
1887 1125 1936 1180 toti
1953 1126 2004 1180 mi·

1207 1213 1262 1268 scri
1273 1227 1378 1275 sumus,
1395 1213 1421 1266 iu
1436 1213 1544 1269 artiserit
1559 1214 1628 1279 uati,
1641 1215 1669 1269 in
1683 1215 1794 1269 miseria
1813 1230 1899 1285 usque
1922 1217 2003 1272 modo

1207 1305 1325 1370 educati,
1341 1304 1366 1358 iu
1382 1306 1490 1360 miseria
1505 1304 1634 1376 deinceps
1647 1306 1759 1372 victuri,
1780 1306 1809 1361 in
1825 1306 1935 1364 miseria
1953 1307 2003 1363 de·

1207 1411 1280 1450 mum
1297 1397 1430 1450 morituri.
1450 1396 1525 1451 intus
1550 1397 1660 1453 miseria
1689 1398 1775 1469 pleni,
1796 1397 1866 1456 loris
1890 1398 2002 1457 miseria
2057 1433 2059 1438 ·

1207 1487 1377 1556 circumdati.
1394 1485 1463 1541 ilinc
1482 1486 1604 1558 quidam.
1621 1487 1729 1558 liepleto
1744 1500 1793 1556 ιιι,
1813 1490 1911 1560 inquit,
1923 1491 2002 1547 ntulit

1206 1579 1296 1630 attium
1313 1593 1370 1631 nteu
1384 1575 1472 1645 (Paul.
1487 1578 1621 1648 cxrxttt).
1637 1579 1671 1634 Et
1684 1597 1692 1635 ι
1706 1580 1942 1637 Circumdederunt
1959 1600 2002 1639 nte

1206 1668 1289 1732 mola,
1302 1685 1412 1738 quornm
1428 1684 1480 1725 nort
1499 1679 1537 1725 eal
1552 1686 1676 1726 numerus
1691 1671 1780 1744 (Paul.
1799 1675 1906 1747 xxxta).
1930 1677 2002 1745 Quid

1206 1774 1349 1829 possumus
1360 1759 1433 1815 iuter
1450 1760 1509 1816 oue
1520 1760 1601 1825 maia,
1615 1761 1669 1817 nisi
1683 1777 1804 1833 gemere,
1824 1765 1963 1838 plangere,
1973 1779 2002 1825 et

1206 1852 1297 1908 dolere
1312 1852 1394 1916 tnala,
1411 1865 1473 1923 que
1484 1853 1671 1909 indesinenter
1688 1855 1841 1924 sentimum
1852 1866 1881 1914 et
1893 1859 2001 1917 deside·

1206 1943 1435 2012 concinnaque·
1451 1943 1572 1999 nondum
1588 1945 1739 2001 sentimus!
1760 1947 1814 2004 dut
1827 1949 1850 2006 ei
1862 1951 2000 2008 modicum
2078 1993 2082 1998 -

354 2032 439 2088 diciis
452 2044 514 2086 sese
528 2030 699 2099 impugnant,
710 2037 739 2082 nt
755 2026 874 2082 vicissim
900 2042 960 2112 sese
978 2026 1111 2096 iudicent,
1127 2035 1154 2081 et
1205 2034 1269 2103 quin
1285 2034 1349 2089 pont
1366 2034 1436 2091 torre
1448 2037 1595 2103 sentimus,
1611 2038 1664 2094 poc
1678 2038 1766 2109 ipsum
1794 2055 1846 2098 „0³
1870 2041 2001 2101 ,dmoneq

352 2122 696 2192 abinvicemjudiccutur.
711 2119 851 2190 Sapientia
866 2118 1044 2200 ettimlntjus
1059 2120 1152 2175 mundi
1205 2124 1322 2180 miserim
1344 2136 1455 2192 nostrae,
1483 2127 1555 2196 quod
1579 2140 1658 2195 raro,t
1678 2130 1751 2200 qnod
1773 2132 1903 2198 tenuiter,
1927 2136 2000 2206 qnod

354 2215 440 2274 stulta
456 2224 498 2274 cst
516 2216 587 2284 apud
598 2213 847 2284 dettm;sapicutia
860 2226 970 2282 quoqne
992 2212 1038 2266 lici
1070 2212 1152 2267 stulta
1203 2217 1346 2286 noupiene
1361 2218 1504 2272 sentimus.
1527 2216 1605 2273 llnde
1630 2221 1710 2275 neiis
1730 2223 1787 2278 itare
1810 2223 1919 2280 miseria
1944 2235 1999 2281 tam

353 2316 399 2364 est
409 2307 480 2377 apud
495 2305 636 2360 muudum.
651 2306 768 2361 Verbum
786 2305 858 2360 enim
870 2305 960 2360 erucis
976 2304 1153 2374 pereuntibus
1203 2291 1298 2374 multa,
1315 2317 1368 2362 tant
1384 2325 1491 2379 magua,
1504 2312 1556 2367 nisi
1566 2314 1628 2382 quia
1644 2313 1819 2383 peccavimus
1831 2329 1892 2369 cum
1910 2319 1997 2386 patri-

354 2399 474 2457 stultitia
488 2407 541 2454 est.
562 2396 682 2453 i'erltum
703 2404 794 2451 aulem
819 2395 988 2467 paupertatis
1008 2405 1036 2449 et
1063 2394 1152 2449 lucius
1202 2403 1254 2457 ltus
1266 2402 1604 2475 nostris,ittjusteeqim'uo,
1615 2405 1786 2475 iniquitatem
1797 2407 2000 2465 [ecimusiilira

353 2491 509 2547 seeundum
536 2490 682 2559 quemdam
710 2491 820 2544 modum
844 2489 957 2543 terbum
983 2488 1073 2542 crucis
1098 2479 1150 2542 est.
1202 2503 1292 2547 autom
1308 2495 1997 2565 nostrastiniquitatesnostroeleceruntltncnoltis.

353 2582 426 2640 Nam
437 2593 595 2656 paupertas,
609 2583 667 2639 sive
679 2581 778 2648 luctus,
791 2583 914 2651 quaedam
937 2596 1003 2636 crus
1023 2589 1074 2635 est.
1100 2577 1151 2633 Sa·
1417 2584 1454 2639 lle
1468 2586 1556 2654 prima
1571 2602 1653 2641 causo
1666 2586 1782 2657 inperiali.

352 2675 461 2748 pientia
477 2685 567 2731 autern
580 2674 627 2729 liei
641 2672 791 2743 justilicata
803 2682 869 2729 esta
884 2672 947 2728 ldiis
963 2673 1031 2738 suis,
1044 2680 1071 2728 et
1088 2670 1152 2725 liliis
1236 2676 1327 2730 Prima
1339 2690 1405 2746 erqo
1416 2675 1523 2744 inpendi
1541 2690 1623 2732 carisa
1637 2686 1680 2733 est
1691 2678 1724 2733 do
1739 2679 1818 2733 malis
1829 2679 1997 2745 commissis,

354 2767 510 2823 lueisl'ilii
535 2776 625 2822 autem
651 2764 732 2835 huius
762 2764 854 2821 saculi
876 2765 1065 2834 prudentiores
1087 2770 1152 2817 sunl
1202 2770 1279 2823 etde
1298 2767 1376 2822 lintris
1404 2769 1524 2822 emissis.
1548 2768 1618 2824 llata
1638 2785 1699 2839 quae
1724 2771 1913 2827 commisimus
1935 2773 1998 2842 quis

354 2860 500 2916 ddislucis
512 2860 539 2915 itt
551 2859 729 2929 generatione
741 2857 960 2927 sua.Propterea
987 2857 1036 2912 lilii
1058 2856 1151 2912 saeculi
1203 2859 1376 2914 dinumeret?
1410 2860 1597 2928 idultiplicntrr
1621 2872 1694 2927 aunt,
1720 2863 1816 2933 iuquit,
1843 2863 1995 2935 iniquitates

352 2962 383 3008 et
397 2952 446 3007 lilii
461 2950 528 3007 lucis
544 2949 661 3005 uicissim
674 2964 734 3004 sese
746 2947 840 3004 stultos
854 2956 979 3018 reputant
992 2948 1150 3003 clinsanos.
1202 2967 1266 3005 utcu
1280 2968 1359 3021 snper
1371 2952 1481 3020 cupidos
1492 2953 1586 3020 cupitis
1601 2954 1650 3007 utei
1666 2952 1753 3023 (Psoi.
1778 2956 1885 3027 ιιιιι).
1918 2956 1994 3012 Bonna

354 3043 396 3099 illi
409 3045 483 3099 enim
498 3042 647 3112 respiciunt
661 3041 694 3094 ad
707 3042 844 3096 vanitates
859 3050 886 3095 et
902 3041 1021 3096 insanias
1045 3040 1148 3107 ialsas;
1202 3058 1262 3113 qun:
1277 3043 1444 3111 perdidimus
1468 3044 1529 3114 quis
1539 3044 1707 3100 ‹lirntmereti
1717 3044 1845 3115 Capitoni,
1860 3048 1909 3114 ait,
1933 3049 1990 3103 dier

354 3135 385 3191 iti
397 3133 540 3190 stultitiam
551 3131 766 3202 praedicationis,
778 3147 917 3203 perquam
942 3131 1066 3187 decrerit
1081 3131 1152 3186 Dens
1201 3137 1332 3205 antiquos,
1353 3144 1377 3190 ιι
1400 3139 1484 3190 ιιιιιόι
1505 3146 1617 3192 uternoe
1644 3138 1672 3191 in
1702 3148 1786 3193 ntettte
1810 3139 1889 3193 ltuini
1908 3137 1996 3209 (Paul.

352 3226 448 3284 salros
459 3226 551 3281 lacere
563 3226 715 3292 credentes,
727 3241 775 3295 pro
788 3225 847 3279 luce
863 3232 966 3289 annunt,
990 3238 1071 3292 qnam
1092 3224 1151 3278 ani·
1202 3230 1306 3298 tratti.
1319 3228 1385 3283 Nam
1398 3238 1426 3284 ιι
1440 3230 1489 3285 ltus
1501 3239 1527 3285 ct
1538 3230 1599 3287 illos
1613 3231 1796 3301 perdidimus,
1809 3232 1867 3288 dier
1892 3234 1998 3291 scilicet

354 3318 438 3376 malis
456 3317 538 3373 horno
554 3334 606 3373 uon
623 3319 761 3389 percipit:
780 3318 895 3373 stultitia
910 3318 982 3374 euim
995 3318 1032 3371 illi
1047 3328 1100 3384 est,
1122 3326 1152 3373 et
1203 3324 1341 3393 anniquos,
1356 3324 1382 3376 iu
1394 3323 1493 3393 quilius
1516 3323 1642 3379 conditus
1666 3324 1718 3379 iuit
1744 3325 1830 3380 delam
1853 3325 1940 3383 bontas
1969 3336 2000 3383 et

353 3425 411 3466 non
423 3417 512 3480 potest
524 3409 685 3480 intelligere.
698 3409 859 3466 ilaecautem
870 3409 1011 3464 altercatio
1022 3410 1092 3465 inter
1104 3408 1151 3465 liei
1166 3419 1187 3476 c
1205 3416 1298 3469 pestus
1316 3430 1330 3468 a
1348 3413 1413 3479 lien,
1431 3422 1461 3468 ut
1473 3423 1565 3477 posset
1585 3429 1724 3485 uunquam
1749 3415 1830 3483 uteri,
1853 3424 1884 3471 et
1910 3430 1998 3472 annos

352 3492 638 3571 reperiremomnia
655 3515 715 3570 qnae
726 3510 768 3557 est
780 3500 860 3569 liujus
874 3502 977 3563 mundi,
992 3502 1017 3555 iu
1026 3501 1153 3557 cordibus
1180 3520 1187 3528 ·
1203 3515 1329 3569 aeternos,
1345 3506 1446 3575 quibus
1462 3504 1606 3562 donandus
1625 3515 1696 3570 erat,
1713 3508 1735 3561 si
1766 3521 1819 3562 non
1844 3516 1996 3577 peccasset,
2022 3510 2026 3518 '

352 3592 505 3649 multorum
517 3592 669 3663 ipsinssulei
683 3592 858 3648 fundamenta
871 3594 1001 3658 concutit,
1013 3601 1041 3648 ct
1053 3594 1079 3647 in
1093 3603 1153 3648 taa-
1203 3605 1232 3651 ιιι
1252 3612 1388 3666 uunquam
1405 3605 1495 3666 posset
1507 3596 1587 3651 mori.
1601 3596 1664 3652 ilaee
1677 3597 1787 3667 quidem
1799 3612 1848 3654 nos
1862 3599 1995 3654 inditam.

355 3695 415 3740 tum
426 3684 582 3749 invalescit,
600 3694 630 3739 ut
647 3683 671 3738 si
685 3684 744 3737 lieri
762 3693 861 3754 potest,
886 3694 1049 3739 tnot'eautnr
1067 3685 1150 3739 etiam
1202 3687 1237 3740 At
1257 3700 1306 3741 uos
1328 3686 1354 3740 in
1380 3686 1459 3740 nobis
1483 3696 1585 3757 quanta
1611 3686 1681 3741 bona
1707 3687 1878 3757 praeripimus
1899 3689 1994 3746 nobis!

355 3779 450 3837 electi.
466 3777 535 3834 ilinc
547 3793 617 3833 unus
638 3776 773 3846 justorum
792 3776 881 3831 dicit:
899 3777 950 3830 diei
975 3787 1062 3832 entem
1089 3794 1153 3848 pene
1203 3777 1307 3843 Qttanta
1322 3776 1391 3830 noua
1404 3776 1540 3846 potuimus
1550 3776 1654 3842 lacere,
1666 3786 1694 3832 et
1708 3792 1760 3832 uon
1776 3778 1894 3834 lecimus
1906 3781 1913 3833 l
1925 3780 1998 3848 Quot

353 3871 421 3926 moti
434 3878 496 3924 rent
507 3870 585 3940 pedes
593 3886 604 3936 ,·
616 3886 680 3940 petre
693 3870 771 3939 effusi
782 3877 842 3923 ιιιιιι
867 3885 972 3939 pressus
1000 3870 1062 3932 tttei,
1089 3870 1152 3938 quia
1203 3866 1338 3923 crucicula
1358 3875 1511 3936 temporum
1527 3867 1647 3930 inaniter
1661 3869 1896 3938 consumpsimus!
1908 3870 1995 3937 Quam

353 3961 442 4019 ested
455 3976 533 4031 snper
546 3962 660 4032 iniquos,
674 3970 935 4031 perempeccntornm
950 3961 1040 4015 rident
1062 3959 1150 4032 (Peri.
1204 3955 1414 4012 innumerabiles
1426 3956 1485 4013 dies
1501 3956 1579 4013 uoltis
1601 3958 1671 4013 male
1695 3967 1743 4013 aut
1762 3958 1830 4015 niltil
1853 3962 1998 4032 agentibus

352 4053 601 4127 ttxrttt).1ltcutn
618 4053 744 4121 iutelligit
762 4053 957 4109 inttntissiutis
975 4067 1079 4119 eornm,
1102 4053 1153 4108 ad·
1202 4050 1349 4116 duxerunt,
1363 4061 1388 4104 et
1402 4050 1430 4104 in
1445 4051 1591 4106 decursum
1606 4049 1704 4107 utiles
1719 4066 1770 4107 nos
1783 4067 1875 4108 secum
1905 4065 1997 4109 trate-

354 4150 510 4211 miraturos
522 4146 603 4202 dicit:
619 4145 755 4211 Quomodo
766 4146 900 4215 ductisunt
917 4146 943 4199 in
952 4146 1152 4200 desolationem!
1204 4145 1281 4198 runt!
1298 4142 1379 4199 Oubi
1395 4141 1471 4210 estis,
1492 4141 1581 4198 lontes
1594 4156 1738 4211 aquarum,
1763 4142 1808 4197 ulti
1834 4159 1906 4198 nune
1919 4144 1995 4209 estis,
2071 4145 2073 4150 ’

352 4239 447 4295 andito
459 4237 620 4307 defecerunt,
633 4238 764 4306 perierunt
778 4247 885 4306 propter
895 4238 1058 4306 iniquitatem
1076 4253 1152 4291 suunt
1204 4235 1292 4290 sentes
1305 4235 1498 4305 lacrymarum,
1516 4242 1547 4287 nt
1571 4233 1665 4303 lugere
1688 4248 1786 4302 queam
1812 4233 1912 4288 damna
1932 4234 1997 4289 uitae

354 4329 463 4402 (idid).
481 4327 590 4384 iudicio
614 4327 770 4384 Salomonis
796 4330 867 4384 risus
891 4329 1099 4392 condemnatur,
1124 4336 1153 4383 et
1203 4327 1434 4393 ttteae,etdamna
1457 4326 1560 4397 pariter
1588 4325 1751 4381 innocentiae
1780 4326 1862 4381 rnen?
1885 4325 1994 4382 Utinam
2034 4349 2039 4358 ·

353 4417 447 4473 luctus
459 4418 586 4473 contritio
598 4417 760 4472 autefertur.
776 4417 877 4483 ilisntn,
906 4418 1006 4487 inquit,
1031 4419 1149 4486 reputati
1203 4422 1360 4491 aperiantur
1375 4428 1519 4474 cataractae
1532 4416 1592 4473 coeli
1611 4418 1742 4487 desuper!
1763 4418 1869 4471 utinam
1890 4418 1996 4471 dirtnn·

353 4524 491 4574 errorent,·
517 4518 541 4563 rt
566 4510 664 4579 quadie
691 4510 748 4563 diri
765 4528 771 4562 ε
789 4509 860 4575 Qrtid
883 4510 982 4579 frustra
1006 4509 1153 4579 deciperis?
1203 4509 1505 4582 pauturluutesalqssi
1535 4523 1649 4579 maguae,
1672 4515 1701 4562 cl
1729 4508 1841 4564 innudet
1862 4508 1995 4563 diluuium

357 4600 463 4672 (lisele.
477 4603 521 4672 tt.)
550 4602 584 4656 Et
599 4603 696 4656 iterum
712 4617 719 4654 :
735 4600 829 4656 Melina
843 4612 879 4656 est
892 4602 929 4656 ire
945 4604 980 4655 nd
992 4603 1097 4656 deinum
1111 4602 1152 4655 lu·
1203 4619 1336 4674 aquarum
1351 4603 1499 4657 multarum
1523 4617 1606 4674 sttper
1632 4614 1733 4659 terram
1760 4601 1852 4657 cordis
1877 4600 1940 4664 urei,
1966 4608 1996 4653 ut
2023 4650 2029 4659 ,

354 4694 548 4763 etnsqunmod
559 4693 665 4748 domum
681 4695 788 4748 conuiuii
800 4693 962 4765 (cretea-u).
985 4693 1048 4749 lime
1072 4693 1151 4749 Salo·
1203 4696 1357 4766 dispereant
1373 4694 1418 4763 qui
1436 4679 1670 4760 titillantium,
1697 4703 1725 4750 et
1748 4693 1825 4762 proni
1845 4692 1872 4747 in
1892 4690 1994 4747 malum

354 4800 420 4841 mon
435 4802 442 4839 ι
457 4798 521 4841 ece
535 4786 675 4856 plusquam
690 4785 815 4841 Salomon
841 4787 885 4840 ltic
906 4785 952 4855 qui
967 4786 1033 4840 dicit
1054 4784 1152 4840 :Beati
1167 4757 1190 4812 ὓ
1203 4800 1299 4843 omnes
1313 4798 1408 4839 seusus
1427 4784 1479 4839 mei
1509 4784 1544 4838 alt
1568 4783 1751 4841 adolescentia
1777 4780 1854 4839 mea!
1881 4781 1915 4837 Ει
1931 4795 1995 4836 ecce

354 4880 402 4950 qni
418 4878 527 4949 lupent,
547 4881 673 4951 quonium
687 4882 740 4949 ipsi
763 4880 970 4936 corisololmntrtr
991 4880 1150 4952 (dioclite).
1204 4878 1361 4934 deiecerunt
1375 4878 1401 4931 in
1416 4877 1608 4933 vanitatedies
1626 4877 1690 4945 ntei,
1713 4886 1741 4932 et
1765 4874 1829 4930 anni
1856 4873 1908 4930 mei
1930 4889 1993 4930 eunt

354 4971 472 5029 Luctum
488 4981 515 5028 et
526 4974 627 5028 luctum
639 4974 745 5029 vanitas
759 4975 913 5044 veritasque
924 4973 1154 5045 distinguitsuut
1203 4968 1387 5027 festinatione.
1399 4968 1432 5024 Et
1441 4968 1503 5038 utris
1514 4969 1703 5025 consulshilds
1718 4984 1772 5034 ¹¹¹0·
1788 4967 1840 5024 '¹1⁸5
1852 4967 1900 5037 qui
1926 4982 1993 5023 ⁰⁰¹¹·

356 5062 403 5132 qui
418 5062 510 5132 lugent
523 5078 576 5117 uon
594 5062 722 5134 lugenda,
746 5064 847 5118 etldeo
868 5065 918 5134 ipsi
945 5062 1066 5134 lugendi,
1088 5066 1151 5135 quia
1205 5061 1411 5117 tristatttrsicut
1424 5072 1452 5117 et
1466 5076 1528 5133 ogo,
1545 5077 1615 5117 unus
1640 5071 1667 5116 ιι
1694 5061 1750 5130 ipse
1772 5061 1922 5128 poenitens,
1947 5058 1995 5127 qni

356 5168 428 5210 rane
440 5153 542 5225 lugent,
558 5156 630 5211 sicut
643 5163 670 5209 et
685 5170 753 5210 tane
769 5156 893 5211 credunt.
910 5157 979 5212 Sunt
1005 5157 1051 5226 qui
1067 5157 1153 5227 picot
1203 5151 1269 5206 dicit
1282 5170 1288 5204 ε
1301 5150 1428 5204 talorum
1454 5153 1481 5204 in
1503 5152 1599 5220 pruritu
1629 5150 1706 5203 meol
1733 5147 1821 5219 (Paul.
1845 5147 1895 5218 ιι.)
1923 5145 1993 5200 Νιιιι

356 5246 508 5305 salubriter
522 5247 624 5318 lugent,
639 5249 712 5304 beati
729 5248 824 5313 futuri,
841 5249 912 5318 quod
924 5248 965 5305 sic
986 5249 1089 5319 lugent,
1115 5252 1153 5306 st.
1204 5241 1266 5296 dum
1282 5242 1307 5293 iu
1322 5241 1363 5296 itis
1377 5256 1437 5310 quse
1453 5230 1621 5297 mundisunt
1636 5240 1785 5312 panderent
1800 5238 1937 5293 ludenset
1957 5237 1995 5291 ri·

356 5344 408 5394 ortt
421 5338 478 5406 ipse
491 5338 620 5393 Dominus
633 5338 772 5408 discipulis
782 5338 897 5406 loquens
912 5340 951 5394 ait
962 5357 968 5393 :
978 5340 1059 5395 Amen
1076 5356 1153 5395 omen
1204 5333 1279 5395 dens.
1296 5341 1324 5384 et
1339 5331 1420 5385 latiis
1430 5331 1604 5386 successibus
1620 5327 1800 5399 applaudens,
1817 5325 1879 5380 dum
1891 5324 1918 5379 Μ
1931 5338 1995 5394 ²80·

356 5425 419 5482 dieo
431 5428 512 5493 eolis,
527 5428 590 5497 quio
603 5427 741 5497 plorabitis
755 5438 778 5483 et
789 5429 885 5497 deditis
898 5445 955 5495 tot,
970 5430 1084 5485 mundns
1101 5446 1154 5483 nrt·

357 5527 411 5573 lent
427 5520 570 5589 mittitin-
587 5536 632 5574 oos
645 5528 733 5574 uatem
748 5519 985 5587 restauraturum
997 5524 1056 5577 ¹sed
1068 5522 1154 5576 tritti-

357 5610 397 5664 tin
411 5621 497 5664 oestro
510 5620 625 5665 certetur
640 5611 808 5680 inpendium
820 5610 911 5681 (doun.
927 5612 983 5682 tt).
995 5612 1029 5666 Et
1039 5612 1155 5668 Psalmi·

357 5709 420 5758 sta:
443 5699 543 5757 Euutes
569 5702 641 5756 ibent
660 5712 684 5757 ιι
705 5704 802 5773 delent
825 5704 955 5758 mittentes
973 5705 1074 5760 sentino
1092 5723 1152 5761 sur.

363 5787 504 5845 Venientes
515 5801 603 5845 antem
617 5792 720 5846 uenient
733 5806 791 5845 cnm
806 5789 992 5856 exsultatione,
1018 5800 1151 5861 portentet

359 5879 510 5937 monionlot
523 5898 584 5936 anor
601 5864 686 5951 (Paul.
713 5882 805 5953 cxxv).
829 5867 888 5936 il'oo
910 5880 955 5951 pio
984 5880 1056 5937 luctu
1076 5882 1153 5953 qnasi

359 5970 451 6026 intbre
476 5971 570 6041 gratia
595 5974 715 6029 eoelestis
741 5973 977 6044 rigantursemiua
1005 5983 1108 6037 nostra,
1125 5982 1156 6028 ut

361 6062 500 6135 compluta
517 6064 626 6121 ulterius
639 6074 749 6135 surgant
762 6064 794 6119 ad
808 6078 934 6119 tucsscut.
954 6063 1015 6121 linc
1027 6053 1154 6137 cstqitu·

1205 5436 1272 5484 retu,
1290 5436 1322 5476 ue
1337 5433 1473 5500 gemerem
1490 5422 1531 5475 tei
1548 5420 1713 5485 laborarem,
1728 5418 1801 5473 sieut
1812 5431 1884 5472 nette
1897 5431 1995 5487 eaper-

1205 5528 1249 5574 tus
1260 5517 1351 5582 didici,
1368 5530 1432 5570 sere
1445 5511 1641 5576 tunelaitoraui
1657 5512 1684 5566 in
1698 5509 1801 5582 peutitn
1826 5522 1897 5565 meo.
1922 5507 1994 5563 Nam

1204 5623 1264 5680 quae
1275 5606 1367 5662 labore
1384 5614 1410 5659 et
1423 5604 1525 5674 gemitu
1537 5601 1730 5658 commutanda
1743 5610 1818 5667 sunt,
1834 5614 1898 5657 tera
1924 5598 1995 5654 testi·

1205 5699 1323 5755 mitione
1335 5699 1407 5766 quod
1421 5693 1512 5751 valent
1527 5693 1572 5749 itio
1585 5702 1659 5749 sunt.
1677 5692 1739 5749 llaec
1759 5693 1833 5748 enim
1844 5703 1910 5747 vere
1919 5697 1993 5751 suut,

1205 5792 1275 5861 quod
1291 5789 1342 5844 illis
1361 5797 1434 5853 sunt,
1446 5786 1666 5857 quibusobsunt.
1684 5785 1746 5841 llaee
1762 5799 1860 5856 nempe
1872 5796 1994 5867 seranna
2056 5807 2062 5822 ·

1205 5889 1256 5945 est,
1269 5894 1330 5936 sero
1342 5879 1523 5951 gementium:
1537 5876 1641 5932 demoti
1653 5895 1743 5933 suntne
1757 5879 1784 5931 in
1795 5876 1836 5931 oin
1847 5873 1994 5945 iniqnitatis

1208 5983 1231 6028 et
1248 5971 1416 6041 perditionis,
1426 5980 1449 6024 et
1462 5971 1654 6026 nmlulouimns
1669 5972 1724 6025 nior
1738 5967 1855 6038 difficiles
1865 5965 1944 6038 (Sap.
1955 5971 1993 6034 ι).

1208 6064 1294 6136 litigo
1309 6062 1361 6120 diei
1373 6062 1452 6131 solet,
1467 6064 1597 6134 parientia
1619 6064 1735 6135 gemitus
1750 6063 1820 6119 ristts
1842 6059 1989 6117 annotinus
