4584 6767
320 582 405 649 ''r-ars
508 635 520 675 ,
576 625 586 639 .
976 563 1165 653 ιυιιιίιιιι
1185 592 1348 656 ossone
1919 609 1967 666 nn

302 735 305 740 ¹
333 716 371 770 tte
388 716 539 781 iptorarurn
556 719 685 780 praterea
702 710 739 765 ita
754 710 877 768 strrdionr
892 714 1126 779 commodaverat,
1144 716 1166 778 Α
1181 713 1324 782 baberent,
1340 715 1387 771 sed
1406 723 1436 771 nt
1461 716 1678 775 misericordiam
1695 719 1846 777 sentirent
1869 722 1905 778 ad
1922 725 1969 780 iuri

335 815 365 859 ιιι
384 804 452 859 nibil
469 803 600 858 iratribus
615 802 718 859 dictum
745 804 861 871 audiret,
878 805 943 875 qnia
963 808 1127 863 memoriam
1179 819 1239 860 cero
1256 807 1350 877 :quod
1366 814 1393 863 et
1409 808 1477 878 ipse,
1492 808 1558 864 dnm
1574 809 1665 867 adbuc
1690 819 1877 882 superesset,
1902 814 1971 871 citari

333 912 386 971 pro
402 896 481 952 libris
495 895 623 954 ilabebat.
649 892 702 950 Sed
719 903 748 950 nt
774 896 866 950 onmia
885 896 994 952 brevius
1015 896 1128 953 conciu—
1179 899 1263 955 tative
1284 900 1389 967 docuit,
1415 910 1442 957 et
1468 899 1533 958 iecit
1546 901 1581 958 ad
1603 911 1764 983 posterum¹
1780 919 1876 974 super
1898 911 1971 965 onom

333 993 444 1054 dantus,
472 1000 500 1045 ut
517 990 544 1044 in
565 990 671 1045 caeteris
696 1005 758 1060 quoe
785 990 819 1045 de
846 988 892 1045 iiio
916 990 972 1060 jam
995 990 1128 1059 diximus,
1179 991 1313 1063 quidquid
1338 993 1395 1063 jam
1422 994 1528 1065 pridem
1557 994 1592 1065 rie
1606 994 1768 1065 obedientia
1785 1004 1818 1059 et
1840 994 1879 1051 dc
1898 1001 1972 1069 regula

322 1084 462 1156 quamvis
475 1097 526 1137 nec
542 1082 635 1137 omnia
651 1081 743 1138 dicere
755 1082 938 1153 potuerimus,
965 1083 1058 1139 noiirrs
1085 1084 1129 1140 iris
1180 1093 1275 1140 nostra
1299 1088 1536 1157 pronuntiaverat.
1562 1086 1642 1146 Nunc
1673 1104 1745 1145 tero
1782 1089 1973 1148 abundantiori

279 1193 283 1204 ’
334 1176 473 1234 diebusei
490 1190 606 1246 usquam
633 1174 823 1232 inveniebatur
837 1177 986 1232 secundos.
1001 1175 1071 1232 Nam
1088 1178 1146 1231 ri··
1180 1177 1278 1246 gratia,
1294 1178 1491 1250 valentiorique
1510 1180 1620 1254 loquela
1635 1182 1829 1252 praesenribus
1858 1182 1975 1240 iratribus

335 1270 391 1325 cini
407 1280 435 1326 et
450 1269 622 1330 remotiores,
637 1268 737 1325 divites
753 1283 907 1340 quoquest
923 1285 1067 1341 pauperes,
1081 1269 1128 1340 qni
1180 1266 1308 1336 recoluit,
1320 1282 1424 1342 eosque
1441 1270 1558 1327 irdciitcr
1572 1270 1723 1329 obsecrare
1739 1275 1870 1346 rogarit.
1888 1274 1977 1334 Naue·

336 1363 449 1419 ridendi
469 1362 655 1432 audiendique
675 1378 770 1419 amore
786 1364 820 1422 ad
836 1378 899 1419 eum
914 1363 1075 1430 ueniebant,
1088 1362 1130 1435 ip·
1179 1370 1228 1411 rtis
1242 1358 1316 1413 enim
1339 1356 1455 1423 initum
1483 1360 1596 1417 insimul
1609 1372 1670 1418 erat
1692 1364 1828 1420 omnium
1844 1368 1978 1451 pratitas,

336 1470 399 1511 sunr
421 1454 546 1511 videmos
567 1452 707 1511 Deicolam
738 1455 946 1526 nuncupabant,
971 1455 1079 1513 indulto
1103 1456 1128 1513 ei
1180 1448 1223 1505 bit
1252 1450 1376 1522 quinque
1397 1451 1503 1509 scilicet
1525 1453 1689 1528 presbytori,
1716 1456 1806 1513 etiam
1831 1466 1903 1515 octo
1927 1477 1980 1516 ιω,

234 1601 238 1608 ι
335 1547 470 1605 vocabulo
494 1546 630 1617 :quidam
645 1560 708 1601 cum
725 1556 756 1601 ut
783 1545 869 1601 tilium
882 1547 1032 1620 diligebant
1052 1558 1079 1604 et
1100 1558 1130 1605 nt
1180 1540 1265 1603 versi.
1288 1541 1323 1598 de
1342 1558 1460 1615 quorum
1487 1560 1603 1601 numero
1617 1562 1692 1603 nnus
1704 1547 1817 1604 exstitit
1839 1547 1929 1605 irater
1940 1554 1980 1623 qni

336 1639 459 1704 iratrem.
476 1656 538 1697 eum
555 1641 759 1697 venerabantur
772 1650 803 1696 ut
818 1649 938 1713 patrem,
955 1642 1035 1698 talem
1055 1642 1129 1697 enim
1180 1630 1215 1688 ‘¹0
1229 1633 1352 1691 Βθιιῑῑθῑθ
1366 1635 1428 1707 ejus
1442 1637 1583 1693 considens
1602 1638 1774 1719 ³Plurimum,
1795 1639 1932 1700 benedici
1951 1644 1980 1699 ab

337 1734 364 1789 tn
388 1734 519 1791 omnibus
542 1749 572 1790 se
600 1734 722 1805 praehere
747 1733 874 1805 cupiebat
895 1744 923 1790 er
947 1735 1057 1792 gorongi
1081 1736 1129 1792 Dei
1180 1740 1225 1794 ιο,
1242 1728 1295 1785 lroc
1311 1729 1387 1785 nullo
1403 1729 1518 1796 sciente,
1533 1731 1745 1802 altoquaereirat
1761 1748 1797 1789 et
1814 1735 1918 1792 corde.
1932 1736 1981 1794 iloc

334 1828 531 1900 conspectibus
542 1843 604 1883 esse
616 1827 741 1898 dignum,
765 1827 857 1883 corde·
869 1843 970 1899 purum
985 1837 1014 1885 et
1032 1829 1131 1884 rolon-

335 1918 382 1973 tati
396 1919 457 1987 ejus
471 1918 590 1988 periente
606 1919 768 1975 demissum.
782 1918 848 1986 Sed,
870 1920 1001 1989 quoniam
1017 1924 1068 1978 iroc
1088 1924 1129 1981 io·

336 2020 453 2083 qrrcrrtcs
468 2011 610 2082 paululum
626 2028 641 2066 a
669 2012 809 2082 proposito
832 2012 948 2083 digressi
968 2031 1075 2083 sumus,
1092 2018 1127 2074 ab

286 2135 289 2140 -
337 2103 380 2158 iris
398 2103 528 2174 expediti,
545 2120 620 2161 rrunc
634 2103 669 2159 ad
686 2105 854 2184 narrationis
867 2108 992 2164 ordinem
1009 2108 1062 2164 laeti
1086 2125 1130 2165 re-

335 2194 462 2256 dcamrrs.

372 2286 421 2341 tt,
438 2285 477 2341 Eo
505 2287 587 2359 igitur
604 2298 797 2363 temporeque
822 2291 938 2347 dilectos
954 2292 1010 2348 Deo
1029 2303 1056 2350 et
1080 2295 1130 2349 lro·

338 2378 460 2433 minibus
477 2381 511 2435 de
531 2383 658 2452 praesenti
676 2384 777 2440 saecrrin
791 2393 850 2439 crat
867 2386 1045 2456 migraturus,
1060 2386 1131 2442 diri·

337 2485 380 2524 noe
396 2470 499 2540 placuit
521 2472 732 2543 dispensationi,
759 2485 788 2531 ιιι
807 2475 920 2546 quidam
940 2478 1062 2535 seniores
1079 2495 1130 2535 rro·

337 2561 398 2621 stri.
423 2562 474 2617 riri
494 2563 572 2617 vaide
597 2566 727 2636 religiosi,
755 2566 882 2624 visitandi
911 2583 974 2624 ιιιιιι
994 2570 1081 2641 gratia
1099 2587 1131 2627 ac

337 2654 477 2719 audiendi,
504 2658 641 2728 etiamque
666 2659 852 2730 interrogandi
883 2677 966 2731 snper
991 2663 1042 2717 iroc
1057 2666 1130 2733 qnod

337 2749 501 2818 expediebat
526 2751 579 2818 eis,
602 2761 702 2822 quarto
728 2753 835 2808 decimo
861 2752 997 2814 liniendas
1021 2754 1084 2812 ilaii
1104 2758 1130 2811 in

338 2840 434 2909 quinta
452 2838 518 2895 ieria
537 2842 570 2896 de
585 2842 702 2900 diversis
717 2844 786 2899 locis
806 2845 890 2901 sinrrd
904 2847 1052 2902 venissent.
1079 2848 1130 2903 Sn-

338 2930 425 2999 srrpit
449 2931 540 3001 itaque
562 2947 611 2989 eos
635 2933 677 2988 tir
700 2932 819 3001 Domini,
844 2937 916 2992 sient
939 2949 1131 3009 consueverat,

226 3014 233 3021 '
338 3020 412 3076 bono
429 3029 457 3076 et
473 3021 553 3077 iriiari
569 3024 655 3090 toltit,
669 3032 696 3079 ct
712 3041 794 3096 super
805 3042 900 3082 eorum
917 3029 992 3082 ruitn
1014 3030 1132 3085 nimium

339 3111 420 3167 latus
443 3120 526 3184 atque
549 3115 690 3185 jocundus
715 3116 782 3183 init;
814 3127 902 3174 toturn
936 3131 1029 3177 autern
1055 3122 1131 3177 ilium

339 3202 412 3257 diem
429 3201 509 3259 duxit
530 3221 593 3260 cum
621 3204 754 3264 iratribus
769 3209 848 3265 raldo
869 3220 976 3281 gratum
999 3213 1133 3268 rnnitrrm-

340 3309 395 3365 qne
420 3293 543 3365 ieiicem;
569 3296 682 3352 iiiiorern
705 3302 775 3354 enim
804 3302 924 3355 dotorem
946 3303 1036 3375 diligit
1061 3303 1133 3361 Deris

341 3385 389 3459 ili
413 3387 476 3445 Cor.
504 3389 553 3459 rx).
580 3390 707 3446 Crastina
734 3408 799 3464 serso
821 3394 866 3450 dic
891 3395 1024 3467 languore
1047 3398 1133 3452 nimio

341 3481 415 3538 circa
438 3482 582 3543 meridiem
605 3495 749 3557 correptus
771 3497 823 3553 cst,
844 3489 916 3545 unde
941 3491 1048 3547 cithara
1075 3510 1134 3549 orn-

341 3575 418 3638 nirrm
443 3593 505 3631 mox
523 3577 550 3631 in
574 3592 698 3633 amarum
728 3595 805 3637 tersa
822 3590 864 3636 cst
887 3582 1003 3640 loetum.
1025 3584 1135 3643 Fratres

341 3684 408 3723 rer-o
434 3670 480 3740 qni
497 3670 523 3725 in
539 3671 637 3727 ricinis
651 3674 830 3730 morabantur
851 3676 958 3734 cellulis
982 3695 1134 3750 pauperum

341 3761 487 3817 exauditor
512 3762 584 3821 Dens
600 3766 688 3822 noluit
707 3768 742 3824 ab
758 3768 819 3839 ejus
834 3768 968 3826 irustrare
982 3773 1134 3843 exsequiis,

344 3853 427 3923 cuins
444 3856 525 3910 etiarn
544 3858 659 3913 raientis
679 3870 707 3914 et
730 3859 876 3917 incolomis
902 3864 1066 3919 necessariis
1092 3866 1136 3921 usi

343 3943 454 4001 inerant
471 3946 562 4006 bonis.
579 3950 773 4007 Corrrenorunt
793 3952 885 4024 itaque
899 3954 988 4021 multi,
1006 3954 1062 4012 beo
1084 3972 1134 4012 ro-

342 4039 427 4108 tonte,
443 4050 473 4096 ιιι
492 4053 545 4098 tarn
563 4054 665 4099 sanctae
689 4045 789 4099 animae
804 4046 838 4101 dc
858 4045 910 4100 iroc
931 4047 1032 4103 saecrrio
1057 4063 1135 4104 rece-

342 4131 417 4188 denti
433 4150 499 4190 suas
525 4135 631 4191 animas
648 4135 746 4191 devote
768 4137 1003 4207 commendarent,
1024 4140 1136 4211 ipseque

344 4223 454 4283 iuterim
468 4225 682 4283 invaletudinem
699 4244 777 4285 suam
805 4228 964 4286 visitatione
986 4245 1081 4286 eorum
1104 4249 1136 4290 ac

344 4316 485 4371 consortio
500 4317 649 4372 admodum
662 4318 752 4375 levius
762 4320 902 4387 toleraret,
917 4330 945 4377 et
959 4321 1009 4392 ipsi
1025 4338 1136 4394 quoqne

345 4406 419 4464 iiiios
432 4410 576 4478 praesentia
596 4419 624 4465 et
641 4411 781 4468 anriientia
810 4412 928 4470 laetiores
948 4414 975 4468 in
993 4424 1135 4485 posterum

345 4510 489 4579 manerent
510 4519 542 4558 ac
566 4505 704 4561 meliores.
727 4504 778 4561 Per
797 4508 892 4563 decern
917 4518 1009 4565 autern
1031 4508 1135 4564 diesin

345 4603 438 4650 mente
457 4611 535 4659 sana,
552 4596 689 4653 irroiierrso
703 4608 815 4667 aspectu
838 4609 920 4670 atque
935 4601 1029 4655 auditu
1043 4615 1137 4670 persea

347 4687 451 4742 seravit
477 4705 484 4739 ι
511 4702 564 4742 non
587 4697 677 4742 tamen
694 4690 754 4743 sine
780 4705 863 4746 caasa
885 4693 1027 4763 (egrotavit
1050 4708 1137 4762 usqne

1147 2059 1167 2113 tt

1181 1831 1273 1881 autern
1289 1839 1323 1878 eo
1338 1824 1485 1893 cogitante,
1501 1832 1639 1880 scrutator
1665 1825 1796 1882 cordium
1823 1825 1916 1894 Deos,
1939 1832 1981 1901 qai

1181 1918 1234 1971 scit
1258 1914 1335 1970 solus
1349 1915 1416 1985 quid
1441 1914 1578 1971 desiderat
1601 1915 1733 1987 spiritus,
1758 1918 1822 1988 ipse
1849 1920 1933 1976 solas
1952 1924 1982 1977 ad

1182 2005 1375 2078 complendum
1398 2005 1565 2064 desiderium
1593 2024 1674 2066 suurn
1701 2010 1728 2065 in
1753 2013 1802 2090 tali
1830 2028 1904 2069 voce
1925 2031 1983 2086 pur

1183 2118 1310 2171 rncnpere
1331 2099 1395 2157 iecsst
1413 2100 1543 2169 amicum,
1570 2102 1617 2172 qui
1644 2102 1711 2158 ait:
1740 2122 1751 2156 ι
1783 2102 1981 2163 Frateanido

1180 2197 1214 2253 de
1226 2195 1374 2267 Campania
1390 2195 1426 2249 sit
1445 2195 1604 2251 benedictus
1618 2203 1645 2251 et
1660 2211 1723 2252 vere
1747 2198 1786 2253 sit
1805 2199 1979 2261 benedictus,

1176 2289 1208 2343 'et
1224 2286 1327 2341 utinam
1344 2300 1407 2340 errnr
1420 2283 1493 2339 Dens
1505 2283 1666 2339 benedicat!
1686 2302 1696 2336 ι
1712 2282 1767 2351 Qut
1782 2293 1877 2340 toturn
1892 2298 1980 2357 postet

1182 2379 1255 2448 qnod
1271 2378 1372 2434 tacitus
1387 2375 1534 2446 quesierat
1549 2373 1680 2430 iratribus
1697 2389 1746 2445 per
1766 2374 1901 2431 ordinem
1915 2393 1980 2432 nrm·

1183 2473 1271 2529 tiarit.
1290 2470 1330 2527 Ex
1345 2485 1401 2542 qno
1416 2469 1534 2539 aliisque
1547 2467 1706 2538 hujusmodi
1725 2465 1839 2537 liquido
1854 2469 1981 2524 omnibus

1183 2566 1281 2637 patrrit,
1297 2544 1449 2635 proplreti‘ae
1467 2560 1595 2631 spiritum
1611 2556 1659 2614 Dei
1674 2557 1813 2613 iamrrium
1839 2559 1979 2624 babuisse,

1183 2660 1211 2714 itr
1228 2658 1307 2728 errjrrs
1328 2655 1443 2711 auribus
1464 2651 1640 2725 cogitationis
1659 2653 1741 2708 ctiam
1759 2654 1846 2710 rerba
1872 2655 1980 2710 sonnis·

1183 2757 1254 2806 scrrt.
1271 2747 1357 2820 igitur
1368 2746 1415 2816 qui
1431 2751 1617 2801 convenerant
1629 2744 1839 2815 interrogabant
1856 2760 1923 2801 euru
1942 2746 1982 2802 di«

1184 2850 1296 2898 centes:
1316 2859 1325 2889 ι
1345 2836 1471 2902 bomine,
1491 2834 1556 2906 quid
1571 2833 1746 2904 timesiquid
1771 2836 1865 2891 sentis
1882 2844 1980 2891 nostre

1185 2936 1245 3004 pins
1267 2946 1346 3004 posse
1372 2944 1473 2985 nocere
1498 2926 1634 2999 religioni?
1650 2957 1682 2967 -
1699 2925 1789 2996 Nora,
1810 2927 1917 2998 inquit,
1929 2944 1975 2983 ne-

1184 3041 1273 3092 nora,
1290 3023 1444 3092 fratresque
1465 3020 1586 3075 novitios
1606 3025 1797 3089 superomnia
1820 3021 1886 3092 pins
1904 3036 1980 3093 posse

1185 3134 1285 3175 nocere
1299 3117 1384 3172 timeo
1398 3123 1427 3171 et
1441 3114 1541 3172 sentio.
1560 3133 1569 3166 r
1587 3109 1646 3167 Tali
1666 3111 1820 3183 siquidem,
1832 3124 1982 3172 tamsanus

1184 3227 1267 3282 qnam
1285 3225 1366 3280 aeger,
1385 3208 1533 3272 institutus,
1546 3214 1606 3261 erat
1628 3206 1781 3276 proposito,
1798 3216 1829 3262 ot
1842 3222 1908 3277 qnae
1922 3216 1982 3264 sunt

1186 3303 1250 3361 lesu
1264 3302 1369 3359 Christi
1389 3316 1498 3372 semper
1509 3310 1654 3371 quaereret,
1674 3298 1825 3370 solumque
1841 3299 1920 3355 iiiios
1935 3316 1982 3355 nce

1191 3396 1307 3453 alterius
1339 3394 1549 3459 recordaretur,
1578 3393 1822 3464 posteriorumque
1856 3394 1982 3463 penitus,

1185 3489 1265 3560 insta
1285 3485 1458 3558 Apostolum,
1482 3483 1660 3550 obliviscens,
1683 3493 1711 3541 et
1733 3482 1768 3539 ad
1788 3499 1821 3539 ea
1839 3498 1903 3553 qttar
1921 3492 1984 3536 ante

1188 3599 1218 3639 sc
1240 3589 1321 3636 erant
1343 3594 1373 3634 se
1399 3578 1550 3635 extendens
1575 3574 1688 3647 (Piriiip.
1715 3577 1767 3648 ιιι),
1792 3574 1906 3647 ideoque
1932 3577 1984 3632 boc

1188 3674 1308 3729 maxime
1323 3670 1452 3737 iaciebat,
1470 3679 1500 3726 nt
1511 3670 1673 3726 carnalibus
1686 3667 1770 3739 ruptis
1792 3667 1926 3731 vinculis,
1943 3677 1985 3723 ta-

1189 3768 1292 3823 lentum
1309 3764 1360 3821 sibi
1376 3762 1512 3819 creditum
1534 3761 1653 3818 bomine
1677 3759 1910 3832 snodnpiicatum
1935 3778 1984 3817 ro-

1189 3863 1322 3929 portaret,
1334 3864 1421 3926 etpro
1432 3853 1571 3924 duplicato
1588 3852 1720 3925 duplicia,
1742 3859 1771 3907 ot
1786 3852 1823 3907 ita
1844 3851 1952 3919 dicam,
1968 3871 1985 3909 a

1189 3950 1355 4007 ioerreratore
1369 3947 1484 4002 domino
1497 3946 1525 4001 in
1549 3946 1595 4001 ilia
1617 3946 1704 4016 patria
1718 3944 1884 4016 possideret.
1900 3944 1985 4001 Cum·

1188 4057 1242 4112 qne
1256 4058 1304 4113 per
1319 4041 1443 4111 singulos
1458 4040 1517 4096 dics
1540 4039 1644 4094 exitum
1668 4035 1769 4092 iratres
1790 4045 1984 4107 exspectarent

1188 4152 1203 4191 a
1219 4150 1271 4191 suo
1281 4133 1407 4203 corpore,
1421 4131 1485 4203 quia
1506 4139 1574 4186 tnnc
1598 4128 1703 4186 scilicet
1722 4126 1878 4183 Sabbatum
1900 4130 1983 4187 irabt·

1190 4230 1287 4295 batur,
1310 4227 1432 4282 vicinum
1454 4225 1561 4280 obitum
1588 4238 1668 4280 suum
1694 4222 1873 4278 denuntiarit
1894 4221 1985 4279 rerbit

1189 4321 1299 4392 quidem
1315 4319 1388 4386 aliis,
1410 4316 1458 4373 scd
1482 4315 1600 4387 idipsum
1615 4329 1730 4386 prorsus
1748 4314 1983 4384 significantibus.

1189 4412 1346 4469 biterrim:
1367 4429 1376 4463 ι
1404 4408 1434 4466 Ιιι
1454 4409 1607 4464 crastinum
1621 4415 1714 4463 antem
1733 4404 1893 4462 benefaciet
1919 4405 1986 4460 nritri

1192 4507 1340 4571 dominns,
1352 4504 1417 4560 etin
1429 4502 1549 4559 secunda
1563 4499 1630 4556 ieria
1643 4499 1727 4565 inme
1737 4496 1832 4554 anima
1852 4511 1910 4552 non
1925 4510 1985 4567 per·

1190 4599 1312 4657 manebit
1335 4596 1466 4668 amplius.
1493 4614 1502 4648 r
1529 4593 1607 4660 Quod
1629 4602 1717 4649 toturn
1742 4594 1779 4648 ita
1802 4591 1908 4648 iactura
1932 4599 1983 4647 est.

1190 4693 1260 4748 Cum
1277 4707 1345 4747 sero
1363 4691 1419 4760 jani
1436 4690 1530 4746 decern
1545 4679 1605 4743 dies
1629 4686 1657 4742 in
1678 4685 1844 4758 egritudine
1867 4683 1986 4740 inissent

346 4776 429 4829 tertio
444 4775 582 4833 Kalendas
596 4778 669 4845 iiaii,
686 4781 759 4849 quod
774 4790 816 4836 est
838 4783 986 4839 vicesimus
1003 4784 1137 4853 septimus
1154 4784 1301 4855 ucxpicti,
1314 4792 1341 4839 et
1351 4783 1395 4837 die
1410 4780 1501 4837 iliade
1515 4779 1634 4850 qoajam
1648 4776 1984 4849 predixeratsnbsecota,

346 4865 406 4921 dies
429 4868 549 4937 Aprilis3
574 4871 647 4939 qnod
673 4871 800 4928 rideiicet
827 4881 915 4929 totum
938 4876 1075 4931 credimus
1097 4875 1138 4929 ia·
1190 4874 1370 4946 Omnipotens
1392 4887 1539 4945 perennem
1555 4869 1708 4927 mercedem
1720 4867 1747 4926 ei
1761 4869 1877 4925 addere
1891 4869 1986 4925 decre·

347 4965 433 5027 cturn,
451 4967 481 5014 nt
495 4961 553 5032 ipse
575 4961 672 5018 iratres
688 4964 715 5017 in
729 4971 785 5018 tarn
800 4964 916 5037 mystica
938 4966 1139 5037 significatione
1190 4968 1284 5035 risset,
1298 4967 1377 5023 dolor
1396 4965 1522 5036 corporis
1542 4964 1571 5020 irr
1597 4962 1692 5018 ritaiia
1713 4960 1807 5026 rediit,
1823 4960 1985 5032 viribusque

347 5067 432 5124 super
447 5052 584 5127 Decaiogo
606 5057 674 5129 legis
697 5055 868 5126 iniormaret,
884 5067 911 5115 et
931 5060 954 5117 si
975 5061 1041 5132 qnid
1064 5061 1092 5116 irr
1107 5076 1139 5118 ca
1191 5060 1309 5131 propriis
1330 5068 1440 5130 repente
1452 5057 1574 5123 ,destitui
1600 5054 1684 5125 coepit
1701 5074 1708 5110 ι
1728 5052 1877 5109 eratenim
1893 5069 1985 5112 mene.

348 5147 1139 5227 peroiriiriorremdr·iiqnisserrt,etsibictiliis,ipsonro·
1192 5156 1288 5210 Sciens
1310 5154 1402 5225 itaque
1423 5168 1453 5208 se
1469 5152 1550 5208 morti
1576 5148 1629 5215 iant
1650 5147 1806 5218 proximum
1835 5161 1910 5213 0⁸⁸²,
1939 5146 1986 5218 qui

349 5251 441 5307 trente,
457 5250 523 5299 turre
548 5245 644 5322 saltem
667 5246 815 5303 emendare
838 5247 941 5304 liceret.
968 5247 1081 5319 insuper
1106 5266 1140 5307 ne
1191 5267 1253 5307 enrn
1268 5251 1304 5306 iiri
1318 5256 1544 5321 pernoctaverant
1562 5245 1671 5313 iratres,
1691 5252 1862 5313 missosque
1881 5243 1987 5313 pariter
2008 5301 2015 5314 ,

348 5335 508 5403 predicatio
536 5337 597 5407 ejus
623 5354 638 5394 a
665 5355 777 5411 quoquo
808 5342 1001 5412 impediretur,
1033 5343 1141 5404 eunctis
1192 5344 1346 5410 admonuit,
1366 5353 1396 5398 ut
1423 5343 1456 5398 ad
1479 5342 1599 5413 primam
1614 5353 1696 5410 qnam
1721 5335 1803 5392 citius
1825 5342 1986 5432 tumerem,

349 5426 624 5488 diebrrsiniirmitatis
637 5448 694 5488 suae
708 5434 735 5489 in
747 5433 932 5502 tecroiacens,
946 5435 1077 5506 usquead
1093 5452 1141 5492 ex·
1191 5446 1219 5492 et
1233 5451 1293 5490 cnm
1311 5450 1344 5490 eo
1357 5433 1503 5504 bcnignnm
1524 5430 1618 5488 iesum
1633 5444 1696 5485 cunr
1708 5426 1921 5522 exspectatione
1931 5425 1988 5481 exi·

350 5527 468 5574 trenrunr
493 5521 564 5576 diem
588 5524 811 5594 inpraetermisse
838 5542 871 5583 ac
898 5527 1005 5583 iortiter
1026 5528 1140 5584 verbnm
1192 5540 1237 5586 tos
1256 5529 1298 5585 stri
1316 5528 1401 5582 nrrritn
1416 5526 1566 5582 instantius
1579 5540 1611 5579 ac
1632 5521 1937 5588 derotirrsenorarent.
1950 5517 1988 5573 Ea

352 5609 399 5666 liei
423 5614 581 5681 praedicavit
598 5626 625 5673 et
648 5618 766 5687 audirit,
792 5622 913 5691 exceptis
939 5629 1043 5677 tanturn
1066 5621 1160 5678 boris·
1192 5636 1311 5691 namque
1325 5627 1406 5674 nocte
1429 5619 1553 5690 jacuerat
1570 5615 1599 5672 io
1628 5613 1771 5685 capitolio,
1796 5611 1892 5681 ibique
1915 5611 1991 5668 dicte

350 5705 453 5772 qrriims
479 5708 593 5763 rorabat
624 5711 753 5769 orationi.
781 5712 951 5784 Frequenter
973 5713 1047 5769 enim
1076 5722 1142 5769 tnnc
1193 5712 1366 5770 consessione
1381 5711 1571 5781 completoque
1589 5707 1705 5779 jndicio,
1726 5721 1759 5761 ιι
1776 5718 1833 5774 qno
1847 5701 1920 5759 nibil
1946 5705 1991 5762 ui·

352 5796 451 5852 orabat
472 5807 499 5854 et
519 5815 569 5871 pro
584 5803 752 5872 experientia
773 5821 823 5861 sua
849 5805 966 5862 ubertim
986 5821 1017 5863 ac
1039 5807 1142 5878 jugiter
1194 5806 1278 5860 terius
1298 5803 1372 5874 loqui
1389 5803 1499 5883 anilitas
1525 5809 1687 5869 estusque
1708 5797 1743 5852 ad
1765 5810 1875 5867 pacem,
1914 5810 1933 5849 o
1946 5795 1991 5851 ins

353 5885 444 5953 debat,
462 5888 561 5947 iratres
575 5908 626 5948 nec
641 5909 695 5949 non
712 5895 847 5963 intirmos,
866 5896 980 5964 debiles,
997 5898 1142 5968 minusque
1194 5898 1285 5952 misse
1306 5895 1424 5951 oiireiom
1440 5910 1523 5949 orans
1537 5906 1690 5962 versusque
1715 5888 1749 5945 ad
1773 5886 1923 5945 ecclesiam
1936 5904 1991 5943 au·

354 5979 449 6037 doctos
461 5985 530 6042 inter
542 5986 588 6042 iiia
600 5988 810 6046 commonitoria
829 5992 913 6048 rerba
932 5992 1057 6058 sufferre,
1079 6008 1143 6062 por·
1194 5991 1271 6052 divit,
1287 5998 1312 6043 et
1325 6004 1340 6043 a
1355 5987 1470 6059 paeiirco
1483 5985 1568 6041 iratre
1588 5983 1702 6053 lingone
1718 5981 1839 6037 liumont
1857 5981 1990 6036 oscrrintu

355 6077 413 6125 tare
433 6078 560 6134 monebat
579 6068 605 6137 et
629 6081 800 6151 hortabatur,
822 6100 877 6140 rrorr
898 6094 926 6140 ut
950 6084 1140 6142 deicnsionem
1196 6081 1343 6141 ilorrrirrieae
1359 6081 1434 6151 pacis
1454 6078 1574 6149 accepit;
1594 6074 1775 6147 et,qrrorriarn
1803 6072 1831 6129 in
1856 6072 1917 6145 ipsa
1933 6081 1992 6129 ιιιιι
2025 6113 2026 6117 ,

2011 409 2026 508 i

2016 515 2020 580 i
