4584 6767
364 646 367 650 '
391 639 455 694 tabl
1029 639 1227 700 cernentis
1245 638 1279 697 lli
1297 637 1399 696 PAPAE
1982 630 2027 686 iii!

386 750 427 806 sis
446 753 744 825 patriarchaethona»
756 753 895 807 memoria
913 750 1217 816 lidebr·antlusbosi·n
1265 752 1322 824 Ego
1338 749 1457 808 lacobus
1472 747 1580 804 diacon.
1602 744 1710 800 cardin.
1738 743 1773 800 S.
1801 741 1909 798 ilariae
1938 740 1966 795 in
1981 741 2025 796 ce

388 843 448 899 lice,
476 841 626 899 Duodecim
642 842 840 913 Apostolorum
865 842 1006 913 presbyter
1020 842 1177 909 cardinalis,
1230 844 1334 900 medin.
1753 841 1758 847 '

389 943 454 989 tunc
477 933 636 1003 apostolicae
659 933 733 989 sedis
756 934 863 1004 legatus
885 949 968 1002 super
990 935 1178 989 controversia
1266 935 1323 1006 Ego
1346 935 1496 992 Gratianus
1510 933 1562 990 SS.
1576 933 1685 990 Gosntae
1712 938 1741 985 et
1769 925 1918 982 Damiani
1939 925 2022 980 diaron

388 1025 460 1080 iuter
474 1041 535 1093 vos,
550 1033 578 1080 et
593 1024 766 1080 Dominicum
782 1025 929 1094 plebanum
950 1023 1044 1080 Sarrcti
1059 1024 1179 1079 Bartho-
1230 1027 1337 1083 cardin.
1709 1019 1713 1030 '

388 1119 477 1173 lomaei
503 1117 538 1172 de
551 1118 716 1188 quibusdam
746 1117 951 1187 parochialibus
972 1118 1110 1185 domibus,
1125 1119 1180 1173 sci·
1266 1117 1323 1188 Ego
1340 1114 1737 1188 BoboS.Angelidiac.ear‹i.
1810 1111 1818 1124 ⁸

388 1210 453 1265 licet
478 1223 561 1279 super
588 1207 719 1266 domibus
741 1207 903 1276 iustorum,
931 1207 1177 1276 ilauroecnorum,
1272 1211 1332 1281 Ego
1344 1210 1511 1267 Octauianus
1526 1205 1578 1262 SS.
1595 1204 1681 1276 Sergii
1696 1215 1723 1260 ct
1737 1195 1857 1259 Bacchi
1880 1201 1957 1262 diac.
1970 1201 2026 1255 carl.

388 1297 620 1362 Gradonicornm,
646 1296 817 1366 Graecorum,
851 1296 988 1353 Leonardi
1008 1297 1125 1354 Fratlelli
1152 1308 1180 1354 et
1266 1307 1364 1359 batum
1377 1300 1504 1357 Laterani
1517 1316 1565 1372 per
1580 1313 1691 1354 manum
1703 1295 1814 1368 iloysi,
1834 1294 1868 1350 S.
1882 1293 1920 1348 ll.
1936 1291 1967 1347 u.
1977 1293 2027 1347 sub

388 1390 527 1445 liotninici
549 1389 633 1445 Aurei
649 1405 719 1460 quas
745 1391 863 1460 quisque
878 1390 1007 1461 suijuris
1027 1390 1179 1446 essediee·
1230 1396 1339 1454 oioooni
1363 1395 1450 1451 nicom
1477 1392 1584 1463 agentis
1609 1388 1788 1456 canceltarii,
1815 1402 1834 1440 r
1852 1384 1919 1440 lial.
1934 1383 2028 1454 Apriin

388 1483 445 1548 bat,
462 1483 602 1553 quondam
625 1481 729 1537 diutius
744 1482 845 1552 agitata
868 1482 1067 1537 rationabiliter
1081 1491 1178 1554 prutu-
1231 1488 1383 1544 indictione
1403 1503 1441 1552 n,
1460 1481 1661 1539 incarnationis
1679 1478 1849 1536 [lominica
1864 1491 1943 1533 anno
1964 1472 2027 1538 iiii.

389 1573 490 1636 lerunt,
515 1572 587 1628 sicut
602 1572 628 1626 in
644 1571 805 1627 authentico
829 1563 933 1643 scripto
952 1572 1062 1626 illorum
1081 1572 1180 1627 exinde
1230 1578 1408 1651 pontificatus
1432 1572 1609 1632 verodomni
1639 1570 1800 1628 Clementis
1823 1565 2028 1641 papaelllanae

389 1665 464 1719 lactu
477 1661 602 1717 noscitur
613 1663 759 1730 contineri,
771 1663 934 1719 anctoritate
947 1662 1096 1733 apostoliea
1113 1677 1180 1717 con·
1201 1687 1207 1720 ι
1231 1675 1330 1746 nninno,

388 1756 544 1811 ilrmamus.
568 1754 743 1838 Sepultulram
768 1770 879 1826 quoque
893 1755 980 1825 ipsius
995 1754 1049 1809 loei
1064 1754 1179 1809 liberam
1598 1773 1666 1830 χιι,

387 1862 450 1903 esse
470 1846 655 1909 decernimus,
672 1856 702 1901 ut
727 1862 824 1903 eorum
842 1846 982 1902 devotioni
998 1855 1026 1901 et
1050 1855 1180 1901 extremae
1230 1873 1322 1928 pam,
1343 1881 1368 1925 e,
1397 1863 1570 1939 capingo-s·
1590 1862 1741 1920 samri,
1764 1860 1886 1916 γεω,
1912 1857 2026 1914 oesnnnn·

388 1938 533 2004 uoluntati,
544 1938 590 2007 qui
600 1937 1099 2008 seilliesepelirideliberaverint,nisi
1110 1937 1180 1993 iorte
1380 1937 1537 1994 innituendi
1560 1934 1716 2005 fucultatem
1738 1931 1886 1986 coracedit.

389 2028 620 2085 excommunicati
644 2028 685 2081 rel
702 2027 840 2083 interdicti
855 2029 920 2094 sint,
937 2029 1030 2083 nullus
1044 2029 1180 2085 obsistere
1450 2027 1601 2099 (Laterani,
1630 2023 1710 2078 llari.
1734 2022 1799 2090 io.)

388 2120 847 2192 praesumat,salvatamenjustitin
861 2120 969 2175 illarum
979 2120 1176 2187 Ecclesiarnm,
1194 2106 1215 2160 Β
1319 2124 1493 2196 [conantius
1512 2117 1637 2173 Ecclesia
1656 2115 1775 2181 Veneto,
1790 2130 1858 2182 xiv,
1873 2113 1952 2186 tto]

389 2227 405 2266 a
432 2211 532 2281 quibus
556 2220 728 2265 mortuorum
751 2226 868 2281 corpora
896 2222 1087 2268 assumuntur.
1117 2212 1179 2268 Sta·
1265 2213 1559 2283 Cannensepiscopus,
1576 2220 1840 2264 serrusserrorum
1857 2203 2023 2270 iiei,dilertis

389 2312 496 2380 tuentes
509 2313 538 2358 ut
553 2303 646 2358 nullus
659 2303 719 2358 sine
734 2313 827 2359 restro
851 2320 987 2361 consensu
1004 2304 1180 2375 parochianis
1230 2309 1327 2364 liliis...
1344 2306 1429 2377 priori
1455 2314 1482 2359 et
1511 2301 1632 2372 capitulo
1658 2299 1688 2355 S.
1716 2297 1887 2354 Salvatoris
1901 2297 1937 2353 de
1950 2293 2022 2350 ient·

389 2396 487 2452 uestris
503 2396 531 2451 in
547 2395 705 2449 infirmitate
721 2394 819 2465 positis
833 2395 1022 2465 poenitentiam
1039 2396 1115 2462 dare,
1132 2402 1181 2449 aut
1230 2400 1285 2460 tiis,
1303 2397 1418 2471 salutem
1434 2403 1461 2450 et
1475 2392 1654 2465 apostolicam
1667 2389 1916 2466 benedictionem.

289 2485 298 2500 ⁸
389 2501 437 2541 eas
456 2486 610 2558 injungere,
625 2486 666 2540 nel
686 2484 721 2542 ad
735 2486 905 2555 sepulturam
928 2487 1051 2557 recipere
1069 2487 1178 2553 audeat,
1265 2495 1376 2558 Quanto
1387 2487 1553 2546 laudabilius
1568 2483 1718 2542 imminetis
1729 2483 1854 2539 seruitio
1865 2478 2022 2543 condituris,

389 2577 442 2633 nisi
457 2578 533 2634 salta
549 2577 656 2648 instita
671 2578 794 2633 ecclesiae
808 2587 910 2633 nostrae
925 2577 1011 2634 sacris
1026 2578 1180 2634 canonibus
1229 2592 1306 2640 tattto
1328 2583 1405 2637 uobis
1428 2596 1461 2636 ex
1489 2579 1531 2635 iris
1546 2594 1609 2650 quae
1632 2577 1707 2648 iuste
1724 2573 1880 2645 requiritis
1906 2571 2023 2628 libentius

388 2668 529 2724 instituta.
553 2666 677 2723 Obcunte
696 2683 762 2723 vero
779 2667 1031 2736 tenuucejusdem
1056 2668 1110 2722 loci
1121 2652 1180 2738 pri-
1230 2677 1326 2731 adosse
1347 2675 1531 2735 nolumus,et
1558 2684 1620 2740 quac
1638 2669 1817 2724 honestatem
1846 2661 2023 2721 nestramde

386 2774 444 2823 ore,
459 2758 501 2813 vel
527 2766 637 2813 tuorum
658 2758 781 2828 quolibet
805 2772 1009 2822 successorum,
1036 2757 1128 2813 nullus
1141 2757 1180 2812 ibi
1230 2765 1465 2835 nnnnnnontgntns
1477 2757 1805 2832 indulgencilapropter,
1819 2755 1921 2812 dilecti
1940 2752 2023 2809 tabe

387 2850 510 2921 qnalibet
525 2850 711 2920 subreptionis
727 2849 839 2918 astutia,
859 2865 907 2904 sen
923 2849 1054 2905 violentia
1070 2862 1179 2920 prapo·
1216 2857 1307 2911 ‘nntno
1322 2854 1382 2919 tilii,
1400 2850 1499 2907 vostris
1522 2836 1649 2920 precibus
1665 2847 1794 2902 inclinati
1816 2844 1941 2901 liberant
1955 2842 2024 2896 robis

388 2949 481 3008 natur,
511 2922 570 2997 ntst'
591 2957 672 3013 utrem
700 2941 799 2997 iratres
824 2943 964 2997 rotumuni
992 2939 1179 3008 assensioni
1230 2932 2025 3010 renutrimusauctornatepresentiunmacuttatemtusn·

388 3034 505 3089 lratrum
529 3049 594 3106 pars
608 3034 719 3089 consilii
735 3034 865 3099 sanioris,
889 3033 1040 3090 secundum
1057 3031 1142 3089 Deum
1153 3040 1181 3087 et
1230 3038 1324 3094 ttterrdi
1340 3053 1389 3107 pro
1407 3035 1485 3091 vobis
1496 3046 1682 3097 oeconomum,
1697 3031 1745 3100 qui
1768 3038 1796 3085 et
1811 3029 1930 3101 negotia
1945 3036 2026 3084 sesua

389 3126 462 3182 beati
484 3126 633 3195 Augustini
657 3125 780 3196 regulam
797 3126 929 3181 cartonice
945 3124 1114 3196 providerint
1130 3125 1179 3179 eli·
1230 3131 1334 3186 utiliter
1345 3137 1524 3198 exsequatur,
1537 3135 1565 3183 et
1576 3126 1623 3182 ubi
1637 3138 1751 3180 necesse
1763 3121 1864 3189 luerit,
1875 3137 1928 3194 pro
1938 3120 2025 3177 liede-

322 3280 325 3284 .
388 3218 508 3288 {lindum
1231 3226 1271 3280 sia
1287 3233 1375 3279 restra
1387 3221 1574 3292 juramentum
1593 3217 1691 3273 debeat
1701 3214 1848 3271 exhibere.
1875 3214 1951 3270 Nulli
1967 3227 2026 3282 ergo

1231 3316 1344 3373 omniuo
1358 3314 1501 3369 hominum
1519 3310 1603 3366 liceat
1615 3308 1687 3363 banc
1699 3307 1833 3378 paginam
1847 3317 1954 3362 nostrat
1965 3320 2026 3360 con-

1231 3406 1366 3464 cessionis
1378 3403 1539 3476 infringere,
1565 3402 1608 3457 rel
1635 3400 1661 3455 ei
1679 3414 1748 3454 ausu
1786 3398 1943 3454 munerario
1960 3411 2024 3451 cun·

1231 3500 1325 3555 traire.
1337 3496 1366 3552 Si
1382 3498 1444 3567 quis
1463 3502 1555 3550 autent
1568 3494 1623 3549 hoc
1638 3498 1776 3546 attentare
1803 3489 2024 3560 praesnmpserit,

1231 3587 1447 3658 indignationem
1463 3580 1660 3652 omnipotentis
1674 3579 1723 3634 llei
1737 3586 1766 3635 et
1783 3581 1933 3636 beatortrm
1956 3576 2026 3632 Petri

1230 3688 1258 3734 et
1287 3676 1363 3731 Pauli
1386 3673 1574 3746 apostolorum
1602 3672 1664 3742 ejus
1698 3685 1729 3725 se
1759 3669 1864 3725 amerit
1894 3670 2027 3724 incursu-

360 3333 365 3341 ’
424 3353 604 3409 Decernimus
623 3368 699 3424 ergo,
716 3361 747 3408 ut
762 3354 829 3409 nulli
846 3354 960 3409 otrtnino
985 3353 1128 3408 bominum
1144 3354 1179 3407 li-

388 3458 449 3506 ceat
458 3447 605 3504 ecclesiam
621 3455 741 3504 uestram
760 3455 861 3500 temere
873 3446 1046 3515 perturbare,
1059 3453 1107 3500 ant
1118 3446 1179 3515 ejus
1192 3445 1214 3502 C

388 3540 580 3613 possessiones
608 3537 739 3604 auterre,
765 3538 809 3592 vel
836 3537 942 3593 ablatas
967 3537 1097 3603 retinere,
1126 3538 1180 3592 mi·

389 3647 484 3697 nuere,
511 3648 560 3688 seu
581 3631 752 3702 quibuslibet
770 3631 964 3686 uexationibus
991 3629 1116 3703 fatigare,
1131 3632 1180 3687 sed

388 3724 483 3782 omnia
512 3724 619 3794 integra
643 3733 844 3784 conserventur
859 3738 965 3791 eorum,
989 3738 1039 3793 pro
1060 3737 1178 3794 quorum
1231 3783 1293 3821 mm

388 3812 589 3882 gubernatione
605 3827 637 3868 ac
652 3814 857 3869 sustentatione
871 3828 1003 3869 concessa
1028 3822 1102 3879 sunt,
1121 3829 1179 3869 usr-

387 3905 442 3960 bus
457 3904 627 3961 omnimodis
649 3903 806 3974 prointura,
820 3905 896 3961 salta
912 3905 938 3959 in
958 3903 1088 3959 omnibus
1106 3905 1179 3960 sedis

388 3996 548 4067 apostolieae
561 3997 726 4052 auctoritate
739 4008 768 4052 et
788 3997 938 4053 diocesani
958 3996 1080 4068 episcopi
1095 4010 1180 4052 eano-

389 4088 451 4145 nica
462 4087 582 4159 iustitia.
599 4086 629 4141 st
639 4103 693 4157 qua
709 4088 793 4158 igitur
804 4087 964 4142 inlaturum
980 4088 1177 4152 ecclesiastica,
1328 4153 1333 4163 ⁸

388 4178 566 4236 saecularisve
595 4192 723 4246 persona,
752 4177 824 4232 hanc
848 4187 950 4232 nostre
973 4176 1180 4233 constitutionis
1231 4154 1378 4209 c‘m‘m'w‘

388 4270 517 4341 paginam
542 4267 644 4334 sciens,
659 4276 755 4340 contra
769 4282 831 4324 earn
859 4276 961 4324 temere
981 4268 1075 4324 venire
1089 4277 1179 4323 tenta-

388 4363 469 4427 verit,
497 4359 621 4440 seeundo
649 4361 763 4415 tertiove
787 4362 964 4424 commonita,
990 4360 1043 4415 nisi
1073 4368 1178 4414 reatum

388 4469 470 4511 suum
498 4467 622 4523 congrua
644 4451 835 4508 satisfactione
848 4452 1010 4517 correxerit,
1036 4452 1179 4521 potestatis

388 4543 559 4614 honorisque
582 4542 626 4599 sui
653 4551 746 4598 careat
776 4542 919 4613 dignitate,
943 4558 1075 4613 reamque
1093 4558 1123 4598 se
1137 4543 1181 4597 di·

388 4633 454 4689 rino
475 4631 584 4703 iudicio
604 4631 723 4686 existere
745 4632 779 4688 de
799 4642 954 4702 perpetrata
970 4632 1115 4702 iniquitate
1132 4646 1180 4687 co-

388 4732 514 4798 gnoscat,
528 4730 556 4779 et
570 4737 587 4776 a
605 4721 794 4776 sacratissimo
813 4738 973 4792 corporeae
985 4724 1179 4794 sanguinebei

386 4822 415 4867 et
427 4808 537 4865 Domini
549 4809 638 4866 nostri
663 4807 728 4865 lesu
747 4810 849 4866 Christi
870 4814 960 4868 aliena
982 4814 1038 4881 irat,
1056 4823 1139 4885 atquc
1151 4817 1178 4870 in

387 4910 515 4958 extremo
530 4898 659 4955 examine
672 4899 773 4955 divinas
788 4901 930 4972 subjaceat
944 4904 1053 4959 ultioni.
1065 4905 1180 4961 Crrrtctis

387 5003 480 5052 annm
493 4994 583 5050 eidem
597 4994 659 5052 loco
673 5010 723 5051 sua
746 4993 810 5066 jura
824 4997 1047 5053 servantibussit
1057 5012 1110 5067 pan
1123 4997 1179 5051 lio-

388 5086 456 5141 mini
472 5087 561 5144 nostri
572 5084 639 5144 lesu
661 5086 777 5153 Christi,
801 5095 939 5168 quatenus
954 5096 981 5144 et
995 5089 1041 5143 bic
1058 5088 1180 5150 lrnctmn

387 5181 467 5236 bone
482 5179 600 5237 actionis
616 5180 777 5250 percipiant,
796 5189 824 5236 et
847 5181 921 5251 apud
935 5181 1090 5238 districtum
1103 5182 1181 5252 iudi·

387 5286 446 5327 cem
462 5271 575 5341 praemia
592 5279 702 5326 aeoeruae
716 5272 792 5340 pacis
809 5271 960 5329 inveniant.
973 5273 1072 5329 Amen.

1267 3859 1364 3913 Datum
1378 3857 1517 3925 Laterani,
1537 3872 1565 3912 rr
1576 3855 1636 3911 llal.
1652 3854 1766 3928 Aprilis,
1784 3852 1963 3926 pontificatus
1974 3867 2026 3905 uo-

1231 3950 1280 4005 stri
1296 3964 1369 4005 anno
1384 3950 1481 4020 primo.

1585 4058 1664 4114 XLll.

1403 4151 1520 4207 ecclesie
1545 4149 1638 4205 Sancti
1660 4147 1811 4203 saluatoris
1844 4147 1953 4203 Vertere:
1976 4133 2026 4202 rol·

1463 4222 1539 4276 endis
1564 4219 1673 4274 decimis
1700 4218 1808 4274 liberet.

1463 4310 1614 4383 (Laterani,
1631 4310 1710 4368 hiat-t.
1729 4308 1789 4379 29.)

1508 4403 1605 4476 [liid.,
1619 4419 1646 4473 p.
1667 4402 1742 4475 tta]

1266 4500 1391 4556 Casurus
1410 4498 1566 4569 episcopus,
1579 4511 1675 4552 sertus
1686 4509 1831 4551 serrorum
1846 4493 1911 4562 bet,
1923 4493 2026 4570 dilectis

1232 4591 1442 4662 siliis....priuri
1468 4597 1496 4645 et
1521 4589 1662 4646 canonicis
1686 4586 1716 4643 S.
1739 4586 1897 4644 Salvatmis
1923 4588 1959 4643 de
1980 4583 2027 4640 l'e·

1233 4686 1313 4740 netiis
1338 4683 1454 4740 salutem
1469 4690 1496 4737 et
1509 4682 1690 4752 apostolicam
1701 4679 1936 4736 bertedictionem.

1196 4774 1218 4828 11
1268 4779 1336 4832 Cum
1349 4775 1409 4831 sitis
1422 4775 1576 4845 regularem
1588 4773 1722 4837 ordinem,
1733 4769 1852 4826 Domino
1863 4772 2025 4844 inspirante.

1232 4869 1360 4943 proiessi,
1374 4867 1516 4923 communi
1528 4874 1555 4921 et
1566 4863 1676 4935 speciali
1687 4861 1780 4918 debito
1788 4861 1869 4918 vobis
1886 4864 2025 4930 solumne,

1232 4962 1304 5017 sicut
1316 4959 1459 5025 debemus,
1471 4957 1578 5024 adesse,
1592 4964 1619 5011 et
1631 4954 1658 5010 in
1672 4954 1716 5010 bis
1726 4954 1872 5024 quaejuste
1885 4956 2027 5028 requiritis

1233 5050 1354 5104 savorem
1370 5047 1553 5118 apostolicum
1568 5043 1716 5102 ellieaoiter
1741 5041 1897 5114 indulgere.
1925 5043 2027 5115 liapro·

1231 5151 1302 5213 pter,
1318 5139 1409 5197 dilecti
1418 5140 1446 5196 in
1462 5138 1579 5195 Domino
1591 5139 1651 5206 lilii,
1667 5137 1849 5210 presentibus
1861 5139 1944 5195 robis
1957 5140 2028 5195 litte·

1233 5235 1272 5287 ris
1287 5233 1470 5305 indulgemus,
1484 5240 1514 5286 ut
1524 5231 1557 5286 de
1568 5230 1709 5287 laboribus
1722 5230 1821 5286 restris
1830 5228 1927 5287 nullus
1944 5231 2030 5287 laicus

1232 5343 1246 5381 a
1267 5326 1344 5382 robis
1363 5323 1500 5395 exigendi,
1514 5324 1557 5379 rel
1579 5323 1760 5394 extorquendi
1779 5322 1905 5380 decimas
1930 5325 2031 5382 lrabeat

423 5407 481 5478 Ego
494 5407 622 5463 Clemens
634 5405 782 5463 Catholieae
794 5405 923 5462 Ecclesia
937 5407 1082 5477 episcopus
1232 5416 1400 5471 laetrltatem.
1413 5413 1559 5484 Nulliergo
1573 5415 1687 5468 omnino
1701 5413 1844 5469 hominum
1862 5415 1948 5471 liceat
1959 5416 2031 5471 ltaue

423 5496 481 5569 Ego
500 5497 675 5554 Theobaldus
697 5496 833 5553 Ostiensis
859 5506 886 5552 el
915 5496 1092 5554 velletrensis
1118 5499 1179 5568 epi·
1231 5507 1358 5576 paginam
1377 5513 1478 5560 nostrae
1492 5505 1681 5561 concessionis
1695 5503 1909 5575 infringereve!
1920 5506 1948 5563 ei
1960 5522 2031 5563 ausu

389 5605 501 5661 scopus.
1231 5598 1377 5653 temerario
1391 5599 1539 5653 contraire.
1554 5596 1583 5652 Si
1603 5599 1667 5669 quis
1685 5607 1779 5654 autem
1808 5599 1862 5654 hoc
1888 5607 2032 5656 attentare

354 5725 357 5730 Α
423 5678 481 5750 Ego
492 5678 613 5736 loannes
624 5679 715 5750 presb.
732 5680 808 5736 eard.
826 5682 868 5736 tit.
887 5680 916 5737 S.
930 5681 1024 5739 Marci.
1231 5689 1446 5760 presumpserit,
1459 5690 1675 5760 indignationem
1698 5689 1898 5762 omnipotentis
1924 5689 1989 5757 liei,
2005 5703 2032 5748 et

425 5769 482 5841 Ego
502 5769 642 5825 Laborans
660 5770 751 5841 presb.
771 5773 846 5826 eard.
861 5771 890 5828 S.
905 5772 998 5828 Mariae
1010 5784 1085 5831 trans
1096 5773 1179 5831 Tibe·
1232 5782 1373 5837 beatorum
1385 5782 1457 5837 Petri
1466 5792 1494 5837 et
1503 5781 1581 5839 Pauli
1591 5783 1779 5855 apostolorum
1791 5782 1852 5854 ejus
1868 5797 1899 5838 se
1920 5784 2032 5841 noverit

389 5863 441 5916 rim
454 5863 496 5918 tit.
511 5862 621 5918 Calixti.
1230 5873 1418 5929 incursurum.

427 5951 484 6022 Ego
504 5954 619 6011 Albinus
636 5955 676 6010 tit.
704 5955 732 6010 S.
749 5955 846 6012 Crucis
867 5958 894 6013 in
910 5957 1062 6017 ierusalem
1086 5962 1177 6016 ν1151.
1268 5964 1365 6020 ilatum
1385 5965 1523 6038 Laterani,
1538 5984 1563 6024 tn
1578 5968 1638 6026 liul.
1659 5970 1771 6043 Aprilis,
1783 5967 1967 6040 pontificatus
1979 5983 2033 6029 no·

389 6045 464 6102 canl.
1232 6057 1280 6113 stri
1296 6073 1369 6114 antro
1380 6059 1479 6130 primo.

1630 6143 1644 6178 1
