4584 6767
250 628 257 640 *
280 613 351 673 usos
518 571 523 581 Χ
554 607 744 666 'mussona
764 607 930 686 nreumpr
950 603 1144 667 santonus
1166 611 1270 669 neers
1288 612 1335 669 so
1352 613 1565 672 carrenses
1587 615 1630 674 ιιι.
1847 597 1920 677 rsus·

315 723 546 797 ccreoscereos
570 707 853 794 pirriittrmeriicirr'or
884 722 1007 779 triitrerit
1027 726 1073 795 qai
1087 726 1224 789 Adit-inis
1253 729 1399 800 perceptis,
1423 730 1520 787 mortis
1544 732 1696 801 periculum
1728 713 1915 795 incumbunt

314 798 376 854 inde
387 797 480 852 mortis
491 811 537 865 per
539 794 638 848 'illim
649 794 822 850 ''iiiiii‘ii'ii-
1125 816 1226 874 ilerum
1237 820 1302 890 quia
1313 818 1398 893 [sicut
1412 822 1528 894 asseris]
1540 822 1576 877 ad
1597 838 1693 879 sacros
1717 823 1857 883 desideras
1867 841 1917 882 or·

313 908 355 964 tu
371 915 624 974 auresnostras,te
648 907 832 978 signiticante,
848 908 971 978 persenit
996 908 1071 980 quoti
1122 908 1203 965 dines
1216 911 1371 979 promereri
1385 920 1415 967 et
1438 926 1489 967 nos
1503 927 1586 985 snper
1612 913 1666 969 lroc
1692 913 1840 972 consulere
1863 931 1917 973 ro·

278 1016 342 1057 cum
357 1002 385 1055 iu
401 1009 458 1055 arte
470 999 585 1071 physica
599 1000 724 1056 eruditus
737 1000 851 1067 existas,
864 1000 1070 1070 pluribuscirca
1123 1001 1212 1069 luisti,
1228 1001 1276 1057 tibi
1291 1002 1422 1059 duximus
1444 1004 1677 1090 respondentium,
1693 1006 1807 1078 quodsi
1831 1022 1917 1080 super
1993 1007 1995 1009 ’

278 1087 367 1158 ipsius
393 1088 461 1144 artis
492 1088 654 1144 traditiones
681 1086 910 1144 medicinsscum
930 1088 1070 1160 diligentia
1122 1092 1274 1162 praemissis
1297 1093 1466 1150 conscientia
1492 1092 1611 1167 [vitietur
1639 1104 1666 1152 to
1694 1094 1914 1171 quomodolibet]

279 1181 411 1248 tribuisti,
429 1181 492 1237 iicet
504 1180 608 1251 pluries
623 1180 651 1235 iu
676 1181 845 1237 contrarium
864 1180 912 1238 tili
927 1196 1070 1238 successe-
1122 1184 1292 1253 remordere,
1315 1185 1350 1240 ad
1365 1185 1486 1257 maiores
1509 1185 1622 1243 ordines
1636 1186 1671 1243 de
1686 1195 1782 1243 nostro
1797 1187 1915 1254 consilio

224 1329 229 1334 ,
278 1281 354 1341 runt,
370 1280 398 1328 et
412 1272 514 1343 quibus
533 1280 681 1342 putaveras
694 1272 826 1329 adhibere
840 1274 986 1343 cautelam,
1008 1288 1068 1331 me·
1121 1278 1338 1337 nonascentias.

430 1620 435 1627 ’
647 1597 649 1601 ⁴
706 1599 1082 1714 ‘Eri-stell*
1113 1600 1460 1715 RlCH'ARDi

934 1814 1129 1873 auctentitt
1149 1815 1252 1874 ttscts
1301 1820 1304 1832 '

430 1989 500 2078 ιιι
535 1988 902 2080 clausurum
943 1989 1015 2078 ιιι
1051 1988 1438 2081 rourrrrenn
1463 1989 1762 2086 nonrtnnu
1825 1933 1827 1936 ”

734 2179 773 2235 De
783 2196 847 2251 poce
862 2180 936 2249 sucta
948 2180 1115 2251 interipsum
1128 2192 1153 2235 et
1168 2181 1332 2236 Torrcrcrinrn
1343 2199 1439 2253 repent.

412 2334 530 2409 (lirano,
543 2306 668 2402 Foeriero,
684 2331 885 2403 Consentioncs,
901 2333 1012 2460 turigo
1026 2293 1097 2460 inter
1108 2336 1296 2475 ιιρεὲὅήςιμίιίε
1309 2346 1335 2390 et
1349 2337 1428 2393 aiios.
1442 2336 1560 2395 Londini
1576 2338 1655 2407 iiii,
1670 2336 1773 2409 inici:

991 2422 1029 2460 nr.
1059 2446 1067 2473 ,
1087 2421 1149 2476 pag.
1204 2448 1210 2458 .

317 2733 552 2792 ilererenriissiruo
569 2732 683 2791 domino
696 2747 729 2788 ac
744 2731 904 2788 beatissimo
912 2730 987 2787 Patri
997 2732 1068 2787 ilan-
1082 2739 1104 2796 Β
1117 2732 1199 2802 iorte,
1218 2734 1293 2805 quod
1315 2732 1398 2800 absit,
1406 2741 1495 2788 morte
1507 2731 1709 2789 interveniente
1725 2731 1850 2801 alterius,
1861 2744 1909 2791 aut

274 2843 369 2896 aseri,
384 2825 430 2883 liei
445 2826 533 2899 gratia
544 2839 654 2882 summo
668 2822 802 2895 pontiflci,
813 2821 1065 2890 iircsnous,eariem
1115 2827 1197 2897 culpa
1221 2836 1316 2883 nostra
1332 2835 1381 2882 aut
1398 2825 1484 2881 nostri
1503 2825 1632 2896 nepotis,
1653 2835 1702 2883 aut
1716 2826 1802 2897 partis
1818 2825 1910 2897 ipsius

276 2919 362 2991 gratia
378 2934 425 2973 rex
437 2918 540 2990 Angiiae
554 2924 581 2975 et
596 2916 652 2972 (iux
666 2913 842 2971 Normanniae
856 2924 884 2971 ct
899 2915 1064 2987 Aquitanico,
1117 2918 1328 2974 matrimonium
1355 2934 1410 2974 non
1432 2926 1529 2985 staret,
1544 2932 1596 2973 nos
1620 2926 1670 2973 aut
1684 2918 1806 2975 haeredes
1822 2919 1910 2975 nostri

276 3021 303 3066 et
316 3024 410 3067 comes
420 3009 593 3081 intimaris,
607 3007 725 3065 salutent
738 3015 766 3063 et
776 3007 892 3064 sincere
904 3007 932 3063 in
947 3006 1066 3065 iionrino
1116 3009 1168 3081 ipsi
1180 3011 1295 3066 dmuino
1307 3011 1365 3082 regi
1380 3009 1524 3066 Taucredo
1546 3021 1594 3066 aut
1615 3010 1771 3067 heredibus
1793 3008 1865 3081 eius'
1875 3026 1910 3067 es

253 3101 427 3158 ‚devotionis
443 3098 581 3159 affectum.
853 3124 857 3132 ·
1116 3102 1223 3171 integro
1236 3102 1393 3168 restituere,
1407 3085 1538 3172 prasiitis
1548 3116 1632 3173 super
1645 3101 1697 3157 hoc
1714 3101 1909 3169 sacramentis,
1999 3156 2001 3160 ,

308 3189 456 3245 iustiorem
465 3187 568 3243 exitum
577 3187 648 3242 iacta
657 3185 811 3257 principum
824 3185 989 3254 sortiuntur,
1000 3200 1064 3243 cum
1115 3208 1149 3248 ex
1166 3201 1242 3262 parte
1256 3202 1351 3250 nostra
1366 3204 1502 3249 tenemur,

274 3298 290 3336 a
306 3280 372 3336 sede
392 3278 543 3351 apostoliea
563 3278 648 3333 ruitur
671 3287 698 3334 et
719 3265 841 3333 iarorc’m
860 3276 1008 3347 accipiunt,
1037 3284 1065 3331 et
1154 3280 1188 3338 Ut
1204 3283 1288 3353 igitur
1299 3293 1378 3340 tenor
1390 3277 1469 3355 'pacis
1487 3284 1562 3340 inite
1572 3292 1600 3340 ct
1616 3283 1716 3340 initiati
1739 3283 1910 3354 matrimonii

224 3417 226 3422 ,
274 3379 376 3427 sancte
403 3369 534 3426 liourauae
569 3367 699 3425 Ecclesiae
731 3368 868 3439 colloquio
896 3367 1062 3439 diriguntur.
1110 3369 1183 3430 'flues
1197 3390 1261 3430 cum
1275 3374 1433 3446 integritate
1457 3375 1549 3430 debita
1564 3390 1598 3431 es
1615 3385 1692 3445 parte
1706 3384 1801 3430 nostra
1814 3387 1842 3431 et
1861 3391 1910 3431 ne·

273 3455 392 3519 Proinde
402 3461 514 3533 dignum
531 3459 661 3516 duximus
678 3460 712 3515 ad
735 3458 861 3514 notitiam
886 3457 1064 3513 beatitudinis
1115 3465 1188 3537 potis
1201 3466 1287 3521 nostri
1300 3475 1435 3534 serretur,
1454 3465 1527 3520 sicut
1543 3465 1596 3536 ipsi
1621 3466 1735 3521 domino
1753 3464 1908 3536 Tarrcretio,

273 3563 372 3610 2082?ae
386 3569 448 3624 qiiae
462 3552 534 3609 inter
549 3567 601 3609 ilos
619 3561 646 3608 ei
657 3551 801 3607 'domitium
814 3548 986 3605 'tancredum
1001 3547 1063 3601 iiiu-
1115 3557 1277 3626 inteppogita
1287 3556 1469 3625 jurisjurandi
1484 3556 1626 3626 religione,
1648 3556 1831 3625 firmavimus,
1845 3573 1911 3615 m.

273 3652 358 3701 sitem
385 3641 487 3699 Sicilia
511 3658 615 3714 regem,
635 3642 746 3712 publili>
764 3656 851 3710 ¹¹¹¹i)er
866 3651 894 3694 0⁸
916 3637 1063 3695 mumdum
1116 3648 1237 3702 ctitatem
1250 3654 1370 3701 rostram
1390 3655 1418 3701 ct
1436 3653 1561 3700 sanctam
1578 3644 1731 3702 Romanam
1753 3647 1908 3707 Ecclesiam

273 3735 431 3792 necessario
442 3733 577 3791 celebrata
590 3741 655 3788 sum
669 3741 786 3789 tractatu
798 3728 986 3802 [proponerei.
1115 3738 1216 3795 obnixe
1230 3753 1370 3808 rogamus,
1382 3745 1518 3808 qnatenus
1529 3748 1556 3790 ct
1568 3736 1684 3792 irrmatae
1698 3738 1775 3807 pacis
1791 3753 1908 3794 serran-

308 3835 382 3894 Sane
396 3834 570 3893 dilectionem
590 3832 741 3889 fraternam
754 3840 780 3888 et
792 3846 886 3902 paoem
903 3817 1062 3902 perpetuam
1114 3829 1157 3885 dae
1172 3838 1305 3900 perpetuo
1316 3838 1344 3884 et
1352 3829 1520 3886 matrimonii
1535 3830 1758 3894 consummandi,
1769 3830 1824 3899 rei,
1837 3830 1861 3887 si
1872 3846 1908 3888 ex

273 3942 386 3984 comeo
409 3925 592 3992 iirmarinrus,
621 3938 704 3995 uuam
731 3931 889 3994 magnatum
904 3932 1062 3978 nostrorum
1114 3921 1253 3991 praetiictis
1279 3921 1371 3977 causis
1396 3920 1603 3978 matrimonium
1618 3920 1709 3991 ipsum
1736 3936 1792 3976 non
1819 3923 1907 3983 iteret.

273 4018 557 4090 archiepiscoporum,
568 4015 760 4087 episcoporum
778 4025 806 4070 et
827 4014 1010 4085 plurimorum
1022 4014 1064 4070 ri·
1076 4063 1097 4122 c
1114 4011 1290 4067 restituentis
1304 4011 1428 4081 pecuniae
1448 4018 1544 4067 sancta
1563 4014 1642 4067 series
1665 4012 1815 4084 apostolica
1838 4011 1908 4069 iric·

273 4124 366 4165 rorum
383 4108 530 4164 illustrium
549 4105 715 4177 iuramentis
731 4105 767 4169 ei,
792 4113 819 4159 et
832 4105 901 4171 suis,
925 4113 952 4161 ct
979 4120 1064 4176 regno
1112 4104 1268 4177 jussionem
1288 4103 1434 4174 pronubis
1458 4103 1593 4175 suscipiat
1617 4118 1682 4174 erga
1710 4104 1851 4159 domiuum
1868 4120 1908 4158 re·

272 4209 378 4266 suo,et
392 4199 440 4257 toti
456 4209 535 4256 terrae
562 4197 760 4252 dominationis
783 4195 857 4263 sum,
883 4211 934 4252 uus
959 4196 1062 4252 iiiiirata
1114 4211 1174 4267 gent
1187 4192 1359 4250 Tatrcredunt
1373 4203 1401 4249 et
1414 4194 1535 4250 iraereries
1560 4194 1659 4264 ipsius.
1687 4187 1774 4265 Curius
1795 4194 1908 4265 titirjus·

273 4292 326 4348 flue
340 4290 521 4363 promisimus
534 4298 704 4347 servaturus.
724 4285 794 4342 Cum
812 4287 872 4358 ipso
887 4287 970 4342 ctiam
987 4286 1063 4357 pacis
1113 4286 1200 4342 sionis
1213 4301 1296 4351 onus,
1314 4296 1344 4342 ut
1357 4286 1526 4355 confidenter
1546 4286 1691 4343 nobiscum
1717 4285 1841 4341 iiomsna
1855 4285 1907 4342 Ec·

272 4392 300 4439 et
312 4383 441 4439 amicitiae
455 4381 545 4438 ioedus
570 4379 684 4437 arctiori
713 4378 804 4434 adiruc
828 4379 938 4434 vinculo
961 4378 1070 4451 astring
1113 4378 1196 4435 ciesia
1208 4377 1351 4448 suscipiat,
1363 4378 1570 4449 presentiarum
1586 4377 1739 4434 litterarum
1750 4378 1907 4435 testimonio

271 4486 376 4547 pentes,
405 4476 475 4531 inter
502 4474 664 4536 tirtlturum,
679 4471 818 4543 egregium
833 4470 930 4526 ducem
960 4469 1064 4525 Britan-
1112 4469 1347 4545 r·oiisetsanetae
1368 4465 1501 4525 iiomanae
1521 4466 1650 4524 Ecclesiae
1670 4464 1784 4523 iiireram
1806 4484 1906 4529 corice

272 4569 336 4634 nim,
357 4566 552 4623 charissimum
577 4572 704 4635 nepotem
727 4572 852 4619 nostrum
870 4571 898 4619 et
916 4562 1061 4630 ineredem,
1112 4563 1205 4619 tiimus
1219 4569 1382 4631 potestatem
1397 4575 1449 4616 nos
1463 4559 1621 4636 etiraeredos
1633 4569 1754 4627 nostros,
1765 4571 1793 4617 et
1804 4572 1906 4618 terram
2026 4616 2028 4620 .

273 4660 297 4716 si
310 4673 363 4714 nos
377 4657 508 4714 decedere
520 4658 580 4713 sine
602 4655 678 4725 prole
694 4653 849 4724 contigerit,
877 4662 905 4709 et
928 4654 1061 4709 illustrem
1113 4661 1237 4709 nostram
1256 4652 1409 4710 districtius
1420 4639 1560 4717 coercere,
1574 4651 1598 4708 si
1613 4660 1709 4708 contra
1728 4667 1823 4723 pacrm
1835 4669 1907 4724 praa·

272 4750 357 4805 tiliam
368 4748 430 4819 eius
442 4746 661 4813 matrimonium,
675 4744 784 4799 roicntc
796 4741 922 4810 Domino,
936 4742 1062 4799 condixi·
1112 4746 1198 4803 iata'm
1211 4744 1379 4811 sensimus,
1393 4744 1436 4799 rei
1463 4744 1601 4815 praedictis
1615 4744 1708 4800 causis
1729 4744 1906 4800 matrimonio

272 4854 335 4897 mus
351 4837 582 4905 contrahendum,
598 4836 672 4907 qrrod
687 4834 805 4891 Domino
823 4834 955 4905 largiente
983 4834 1061 4890 deiri·
1112 4852 1167 4894 non
1184 4844 1355 4898 secutores
1371 4840 1419 4888 aut
1434 4833 1557 4890 haereties
1576 4833 1663 4889 nostri
1678 4833 1844 4899 solutionem
1855 4849 1905 4905 pe·

273 4942 328 4989 tam
341 4929 607 4989 consummationem
620 4928 747 5000 accipiet,
761 4944 824 4985 cum
846 4929 961 4985 illustris
971 4930 1061 5000 puelia
1112 4929 1202 4987 cuniae
1212 4942 1385 5000 negaremus.

271 5005 380 5082 nubiles
393 5038 481 5080 annos
496 5022 626 5094 attigerit,
639 5030 687 5078 aut
703 5022 833 5093 praedicto
849 5022 964 5078 domino
986 5020 1061 5077 Tan·
1148 5021 1188 5075 sn
1203 5020 1336 5078 honorem
1351 5020 1495 5091 utriusque
1509 5018 1587 5089 regni
1597 5025 1689 5072 restra
1715 5016 1793 5072 norit
1815 5014 1905 5073 itesti·

271 5116 418 5194 credoregi
431 5114 602 5186 placueritut
611 5113 946 5170 iniranuhilesaunosiiia
956 5114 983 5168 in
993 5128 1062 5169 ure·
1113 5115 1179 5171 tudo
1192 5122 1317 5184 spectare
1330 5112 1364 5180 si,
1380 5110 1519 5166 mediante
1545 5106 1668 5161 iionrana
1680 5104 1815 5173 Ecclesia,
1828 5105 1905 5177 pacis

270 5223 330 5265 rens
344 5210 435 5278 nepoti
451 5192 748 5279 nostro.desponsanda
760 5206 895 5273 tradatur,
907 5222 959 5262 nos
971 5206 1060 5277 ipsum
1112 5206 1226 5276 puriter,
1242 5212 1270 5259 et
1282 5198 1453 5256 matrimonii
1470 5198 1574 5252 borium
1590 5195 1624 5250 ai
1643 5209 1797 5265 congruum
1821 5195 1902 5253 tinem

270 5308 397 5370 nepotem
407 5307 531 5354 nostrum
539 5299 593 5357 inec
605 5298 741 5356 iacturum
753 5298 950 5365 concessimus,
959 5298 983 5354 si
997 5313 1062 5353 san·
1110 5294 1240 5352 deveniat
1250 5309 1258 5360 3
1269 5291 1341 5347 unde
1353 5287 1498 5359 multiplex
1511 5286 1539 5342 in
1551 5284 1675 5342 iutururo
1690 5284 1794 5342 utiliter
1805 5299 1904 5342 conse·

273 5402 315 5448 cta
335 5389 459 5446 Romana
474 5389 599 5448 Ecclesia
612 5391 765 5450 decreverit
785 5405 868 5463 super
878 5388 932 5446 hoc
950 5389 1061 5459 dispen-
1077 5397 1223 5460 ponatur.
1642 5373 1647 5388 '

272 5502 344 5543 sare.
359 5484 508 5543 Pecuniam
521 5499 680 5564 veroquam
694 5502 746 5558 pro
760 5485 938 5544 matrimonio
952 5485 1011 5556 ipso
1026 5484 1061 5539 au
1148 5481 1277 5542 Testibus
1291 5476 1370 5536 nolis
1394 5474 1478 5549 ipsis,
1504 5476 1533 5534 ii
1561 5474 1606 5531 die
1630 5470 1804 5541 liorcmirrir,
1831 5470 1903 5542 apuli

272 5595 344 5650 opus
350 5576 457 5649 nepotis
466 5576 553 5633 nostri
566 5575 603 5632 air
612 5564 708 5632 eodem
717 5576 829 5636 domino
843 5589 906 5649 rege
919 5573 1061 5631 Tancredo
1112 5573 1276 5632 liessanam.

273 5670 437 5742 recepimus,
453 5668 559 5727 scilicet
573 5666 669 5738 uiginti
684 5665 769 5722 millia
783 5669 928 5725 unciarum
944 5664 1016 5732 auri,
1037 5664 1060 5721 si

997 5903 1164 5936 ⁸⁴0·-
