4584 6767
256 631 343 696 'tacu
562 599 570 610 ’
653 675 657 681 .
743 624 924 685 cusanam
944 624 986 680 ar
1006 618 1216 679 anarrinon.
1235 645 1271 659 -
1289 612 1346 669 as.
1368 608 1450 688 uss
1836 606 1906 663 reru

268 757 360 810 lentur
372 751 481 810 allectat.
497 758 535 816 et,
551 756 695 819 qttantnur,
713 743 739 798 iu
754 753 781 799 te
801 741 893 808 inerit,
907 753 1003 813 pacem
1014 738 1100 799 lta-tt
1152 731 1208 803 Ego
1223 729 1376 796 Labaraus,
1404 726 1496 798 presb·
1525 722 1600 779 catti·
1619 722 1661 777 lit.
1686 721 1792 777 Sanctae
1816 720 1908 776 llariae

268 849 332 904 beto
346 862 408 902 cum
424 824 604 909 unianimes
628 838 662 896 ad
676 853 769 909 pacem
799 836 907 893 studete
931 834 1062 890 redtrcere
1114 834 1190 880 tram
1201 821 1327 895 l'ytterim
1341 816 1503 875 definisti.

266 939 467 997 discordantes.
489 935 601 1006 l'ulgeat
615 932 643 987 itt
659 940 770 1002 pectore
783 935 829 983 tan
841 924 981 982 rationale·
988 924 1063 995 judi·
1151 917 1208 989 Epa
1218 913 1398 984 Pandrrlpbus
1413 910 1505 982 presb.
1521 907 1598 963 card.
1609 907 1651 961 tiu
1664 904 1788 961 llasiliese
1801 905 1909 964 Dtrttde·

267 1033 314 1100 cii,
329 1047 392 1089 eum
407 1026 627 1101 superhumerali
639 1007 746 1080 ratione
759 1022 960 1091 conjunctura,
979 1030 1006 1074 et
1026 1019 1062 1072 ita
1113 1003 1169 1060 01¹³
1184 1003 1389 1075 Apostolorum,

268 1125 296 1179 in
309 1131 457 1195 conspectu
484 1120 531 1175 llei
547 1119 680 1190 procedas
701 1126 728 1172 et
756 1114 909 1178 bominum,
926 1121 1063 1183 quatenus
1151 1097 1208 1169 Ego
1221 1096 1337 1152 Albiana
1359 1092 1429 1148 tituli
1446 1090 1555 1146 Sanctae
1572 1090 1669 1147 Crucis
1690 1090 1717 1146 in
1737 1088 1907 1145 lliernsalem

267 1216 420 1271 commisso
429 1213 478 1269 tibi
491 1210 633 1267 Dominico
648 1205 840 1280 prepiuirtutis
851 1214 964 1277 prostes
974 1217 1065 1257 exem·
1114 1190 1208 1261 presb·
1225 1189 1300 1270 eard.

269 1307 356 1377 plum,
373 1316 403 1360 ut
414 1303 538 1358 ridentes
551 1303 632 1370 opera
648 1307 694 1352 tna
707 1296 778 1350 baua
790 1292 941 1365 gloritleeut
955 1289 1062 1344 l‘atrern
1152 1280 1207 1351 Ego
1218 1279 1316 1334 Petrus
1331 1278 1373 1333 ttt
1387 1276 1416 1346 S,
1428 1275 1579 1332 Clementis
1596 1274 1688 1345 presb.
1701 1274 1777 1327 canl.

269 1409 396 1453 nostrum
412 1396 458 1467 qui
477 1395 504 1449 iu
518 1392 595 1449 coelis
606 1401 647 1446 est
662 1388 772 1462 (ttmttt.
788 1386 826 1454 rt,
843 1393 871 1440 ut
886 1384 1021 1455 gaudeant
1035 1397 1064 1435 se
1154 1371 1211 1440 Ego
1221 1371 1375 1426 ainardus
1390 1371 1433 1426 tit.
1448 1368 1542 1424 Sancti
1553 1367 1673 1423 llareeltl
1690 1367 1781 1437 presb.
1794 1367 1869 1421 eard.

268 1491 352 1545 talant
367 1488 470 1544 ltalterc
491 1494 624 1540 rectorem
640 1498 690 1553 per
704 1496 786 1552 quern
804 1477 967 1534 erudiantur
978 1475 1011 1530 ad
1033 1473 1064 1528 d·
1152 1466 1209 1537 Ego
1221 1464 1314 1519 Bubus
1329 1463 1401 1518 tituli
1423 1461 1532 1518 Sattctae
1554 1460 1709 1516 Anastasius
1723 1460 1814 1530 presb.
1830 1445 1921 1514 caut‘

269 1580 333 1634 cleta
348 1587 376 1633 et
392 1577 425 1632 atl
452 1584 526 1631 recta
540 1588 621 1645 opera
648 1577 839 1644 numerentur.
853 1566 977 1623 (lbcuate
998 1581 1064 1620 reru
1152 1556 1210 1627 Ego
1224 1554 1338 1611 Aietius
1353 1553 1425 1609 tituli
1449 1552 1558 1609 Sanctae
1571 1550 1708 1608 Susanna
1726 1552 1818 1622 presb.
1830 1550 1907 1605 eard.

270 1667 312 1734 te,
338 1669 379 1724 uel
406 1677 516 1723 tutorum
539 1665 661 1736 quiritibet
688 1676 892 1726 successorum,
917 1658 1011 1713 oratius
1028 1657 1064 1712 int
1152 1648 1209 1721 Ean
1225 1646 1325 1703 Petrus
1352 1645 1423 1701 tituli
1452 1642 1547 1701 Sancti
1572 1642 1714 1704 Lattrcntii
1741 1643 1768 1697 iu
1790 1641 1910 1701 bamaso

269 1759 394 1831 quislibet
405 1756 591 1826 subreptionis
606 1754 707 1809 astutia
731 1766 778 1806 scu
806 1750 934 1805 uiolentia
958 1762 1064 1820 purpo-
1115 1741 1208 1813 presb.
1225 1740 1301 1797 rard.

270 1861 365 1917 aratur,
379 1847 431 1905 nisi
448 1863 529 1920 quem
550 1845 680 1902 utouaelri
697 1843 821 1915 ejusdem
835 1840 954 1909 loci,vtl
967 1839 1066 1893 melior
1130 1849 1134 1860 ·
1153 1832 1210 1903 Ego
1233 1830 1379 1888 lacinthus
1402 1831 1474 1886 diac.
1490 1828 1567 1885 card.
1582 1826 1625 1887 tit.
1640 1825 1749 1882 Sauctae
1759 1823 1862 1897 Maria,
1879 1831 1908 1885 iu
1965 1815 1969 1824 ’

272 1958 337 2013 pars
353 1940 464 1998 consilii
488 1938 607 1996 sarrianis
631 1938 665 1994 tle
689 1938 750 2008 ipsu
770 1934 896 2004 collegio,
923 1930 1059 2003 siquidem
1119 1923 1280 1981 eoeneum.
1361 1949 1364 1954 ·

271 2032 484 2091 idonensiuerit
499 2033 526 2087 ia
549 2046 582 2088 ca
606 2020 752 2101 repertus,'
765 2025 916 2084 secandum
938 2023 1023 2079 Denta
1038 2029 1066 2077 et
1154 2018 1440 2091 EgoOctavianustit.
1459 2018 1625 2075 Sanctorum
1642 2022 1732 2095 Sergii
1756 2032 1784 2080 et
1810 2024 1909 2081 Baeclu

270 2128 422 2184 eauorricas
437 2126 594 2183 sanctiones
617 2121 786 2179 credideriut
804 2115 1065 2191 aspernantium
1082 2097 1103 2153 Β
1118 2111 1191 2167 diae.
1208 2100 1284 2168 card.
1939 2111 1941 2114 ·

270 2218 295 2273 si
312 2217 509 2273 lartcidoneus
527 2215 564 2270 ibi
588 2211 702 2284 reperiri
728 2209 934 2282 neqrtirerit,et
957 2208 1067 2263 aliunde
1152 2199 1210 2273 Ego
1239 2200 1389 2272 Gregoritts
1417 2202 1459 2257 tit.
1490 2202 1599 2260 Sauctae
1624 2204 1717 2261 ttartae
1746 2206 1774 2261 iu
1799 2205 1910 2263 Portieu

271 2306 356 2362 orent
368 2304 552 2361 assumendus
562 2317 612 2374 per
624 2302 724 2358 iratres
742 2301 831 2371 ipsius
850 2299 901 2355 loci
913 2297 1067 2354 monaclrns
1114 2292 1225 2348 diacon.
1240 2294 1316 2349 canl.

272 2399 403 2470 eligatur,
416 2396 463 2468 qui
487 2396 618 2450 uindram
644 2392 819 2465 regularibus
845 2392 915 2447 cibis
937 2398 964 2444 ct
990 2389 1069 2444 intlu-
1153 2382 1211 2456 Ego
1222 2383 1342 2440 loattues
1353 2384 1427 2440 Felix
1442 2385 1588 2444 tit.Suocti
1600 2387 1741 2447 Eustachii
1753 2391 1832 2463 juxta
1842 2400 1911 2446 tero·

271 2490 374 2546 uternis
388 2498 492 2544 ututur.
506 2486 573 2555 Quae
588 2486 682 2543 omnia
704 2485 776 2540 sient
798 2483 833 2537 ab
849 2482 946 2537 caulem
961 2479 1067 2551 praede·
1118 2477 1193 2547 plum
1207 2477 1334 2548 Agrippae
1347 2476 1418 2533 diae.
1432 2479 1509 2534 cant,

271 2594 381 2635 cessare
396 2586 492 2633 nostro
506 2574 621 2647 proritle
645 2574 716 2630 lacta
738 2581 813 2636 snut,
829 2579 888 2625 rata
904 2569 980 2624 omiti
999 2576 1067 2622 tem·
1154 2566 1342 2639 Egaloaunes
1353 2568 1395 2624 tlt.
1408 2567 1439 2624 S.
1455 2569 1595 2627 Theodori
1610 2573 1684 2630 iliae.
1699 2576 1776 2632 card.

271 2685 339 2741 pore
354 2668 488 2734 uolentes,
502 2675 529 2723 et
554 2661 719 2721 inconcussa
734 2663 838 2719 serrari
854 2661 940 2715 nostri
958 2673 1068 2731 quoqrte
1154 2658 1213 2730 Ego
1223 2656 1429 2715 Bernardustit.
1443 2659 1743 2720 Sanctaellarisellome
1753 2666 1908 2723 ‹liaceard
1962 2691 1965 2700 ·
1995 2711 2001 2720 ,

272 2758 408 2831 privilegii
438 2754 590 2813 martiaulae
606 2754 780 2810 teboramtts.
806 2749 959 2820 adjtuimus
983 2747 1066 2803 etiarn
1154 2750 1211 2823 Ego
1222 2749 1375 2810 Greaarins
1386 2751 1428 2807 tit.
1445 2752 1553 2810 &ottae
1564 2753 1657 2811 llariae
1675 2756 1702 2811 in
1718 2756 1823 2828 Aqttira
1837 2759 1908 2814 diue.

273 2860 304 2907 ut
329 2849 452 2907 Ecclesia
478 2844 663 2920 Syracusana,
688 2859 751 2916 qum
770 2841 995 2906 nullibactenns,
1013 2839 1066 2894 nisi
1116 2842 1195 2918 card.

273 2942 402 2999 Romana
420 2952 526 2998 tantum
543 2939 665 3012 pontidei
689 2938 811 3009 subjecta
829 2936 913 2991 luisse
927 2933 1066 3006 dignosci·
1155 2935 1252 2992 natum
1264 2934 1404 3005 Laterani,
1433 2953 1481 3009 per
1497 2954 1607 2996 manum
1622 2940 1709 3015 llaysi
1734 2950 1836 2999 sanctae
1856 2941 1912 2999 llo-

274 3045 331 3103 tur,
345 3036 392 3090 tibi
413 3035 543 3104 deinceps
568 3042 598 3088 et
616 3029 823 3088 successoribus
849 3028 905 3083 tuis
926 3016 1092 3081 cutiute's‘
1120 3043 1208 3083 uraore
1222 3028 1351 3085 Ecclesiae
1373 3028 1546 3099 subdiaconi,
1557 3032 1644 3088 ricem
1658 3033 1764 3104 agentis
1775 3033 1912 3089 cancella·

273 3128 486 3199 metropolitano
504 3125 602 3180 debeat
613 3124 677 3194 jure
691 3122 814 3178 subesse.
1098 3119 1191 3214 ‘riba
1206 3118 1343 3177 Kalendas
1357 3118 1531 3188 Nouembris,
1546 3124 1695 3181 indictione
1711 3141 1760 3192 att,
1784 3124 1913 3181 lucarna-

310 3219 489 3276 llecerolsrus
522 3230 588 3285 ergo
619 3223 649 3269 nt
682 3213 749 3269 rrulli
781 3211 895 3267 amitino
924 3208 1067 3266 bominum
1120 3211 1202 3267 tionis
1231 3212 1381 3269 bomioiee
1407 3212 1505 3281 1188,
1529 3216 1705 3286 pontificatus
1729 3218 1913 3275 verodomni

274 3313 357 3368 liccat
379 3308 520 3381 praelatam
541 3305 685 3363 eeclesiam
706 3314 807 3360 temere
827 3302 997 3374 perturbare,
1022 3310 1069 3357 aut
1119 3302 1268 3361 Clementis
1283 3319 1360 3375 papae
1373 3306 1446 3361 tenti
1461 3308 1646 3378 aanoprituo.

272 3403 334 3473 ejus
343 3395 705 3473 possessiaocsattlerre,rel
714 3394 953 3459 ablatasretioere,
962 3392 1069 3448 miune·
1081 3436 1104 3492 c
1155 3395 1271 3469 Signum
1281 3394 1430 3454 Clementis
1442 3396 1476 3453 lll
1489 3414 1576 3472 papae.

275 3510 376 3564 re‚scu
395 3490 564 3565 qtribuslibet
585 3488 780 3543 vexationibus
799 3485 1067 3558 latigare3sedom-
1096 3474 1105 3499 ⁴
1172 3524 1240 3565 ΜΕ
1256 3523 1290 3565 n
1321 3526 1421 3565 ,om
1453 3527 1555 3569 mm
1574 3527 1757 3571 mmmm
1775 3530 1826 3572 Π

274 3590 321 3646 oia
340 3590 445 3660 integra
466 3593 666 3644 conserventur
678 3598 787 3649 eornm,
814 3598 866 3653 pru
887 3597 1070 3655 quarumgn-
1294 3553 1302 3577 ⁹
1389 3556 1395 3566 ¹
1425 3552 1433 3578 ’
1494 3623 1551 3681 m
1795 3534 1848 3576 Μ

277 3680 483 3749 beruatioueet
508 3676 710 3734 sustentatione
724 3690 856 3731 concessa
871 3686 948 3741 sunt,
973 3675 1069 3731 usibus
1121 3711 1288 3768 &mmmm
1310 3711 1494 3784 mmmm
1525 3714 1676 3801 Equum
1711 3729 1737 3774 a
1764 3717 1914 3777 romum

1679 3758 1688 3783 t

275 3774 443 3833 omnimodis
458 3759 611 3843 protutura,
629 3767 703 3823 satra
720 3765 962 3850 sedisapostolicae
975 3774 1070 3822 aucta·
1155 3798 1203 3853 μω
1220 3785 1385 3854 ,meam
1403 3785 1518 3856 qaum·
1538 3785 1685 3843 pugnatus
1711 3788 1745 3843 as
1764 3788 1859 3845 appar,
1883 3789 1914 3849 s,

275 3867 368 3922 ritate.
380 3862 421 3917 tld
437 3861 645 3916 iodiciurnsaue
662 3855 819 3912 durationis
833 3861 897 3921 tuae,
911 3868 944 3910 ac
956 3854 1070 3909 deutau-
1159 3850 1270 3908 Nicatat
1289 3854 1323 3908 de
1336 3851 1428 3910 Litore
1447 3854 1476 3908 iu
1498 3852 1542 3912 die
1562 3856 1732 3916 Ascemiattir
1759 3859 1913 3932 coufirmat.

275 3954 421 4011 strandum
435 3950 508 4021 quod
523 3948 619 4004 eadem
637 3945 752 4002 ecclesia
768 3942 894 3999 Romana
912 3952 990 3999 tauto
1003 3959 1071 4015 pau·
1388 3947 1541 4021 (Laterani,
1551 3946 1613 4005 Oet.
1625 3943 1684 4026 tt.)

277 4044 344 4101 titrci
358 4043 524 4113 subjaceret,
540 4052 623 4110 supra
637 4036 795 4093 nominatus
813 4035 886 4091 tilius
901 4041 997 4092 noster
1010 4051 1069 4100 rex,
1158 4036 1201 4109 tt.
1217 4037 1381 4103 Canusinus,
1403 4037 1504 4094 liedes.
1529 4036 1629 4112 least„
1643 4048 1664 4098 t.
1676 4038 1746 4108 xlll,
1760 4057 1789 4114 p.
1799 4042 1877 4118 5221

277 4150 341 4191 enm
356 4148 416 4189 earu
428 4131 481 4186 snb
494 4125 782 4185 uomtueomnasterii
801 4123 917 4181 laudare
931 4124 1071 4195 caepisset.
1158 4130 1285 4196 Caeneus
1302 4131 1461 4203 episcopas,
1488 4144 1585 4190 serras
1604 4146 1748 4190 utrorum
1771 4134 1831 4203 liei,
1851 4151 1915 4194 reu.

277 4233 389 4280 rctttnor
409 4230 523 4277 tarenos
544 4219 669 4274 llamano
697 4216 821 4288 pontillci
843 4216 926 4273 nortis
955 4216 1072 4287 siugulis
1123 4222 1169 4278 Fr.
1187 4222 1283 4278 lltma
1293 4221 1451 4280 Castellauo
1461 4223 1603 4297 episcopa,
1617 4225 1732 4284 mlatem
1743 4235 1770 4284 et
1781 4230 1916 4299 apostoli.

279 4315 373 4371 statuit
385 4311 593 4385 persolvendos.
619 4308 649 4363 st
662 4323 717 4379 qua
734 4308 817 4380 igitar
837 4306 864 4363 iu
886 4307 1008 4363 tatarum
1030 4322 1072 4364 ec·
1122 4327 1184 4369 caat
1204 4313 1436 4371 bertedictiouem.
1607 4367 1613 4378 ,

225 4387 239 4413 ‘
280 4406 434 4462 clesiastica
449 4401 627 4460 saecttlarisre
649 4414 779 4470 persona,
794 4399 867 4454 bane
890 4407 993 4454 nostrae
1007 4412 1075 4453 cau·
1160 4400 1200 4457 Ea
1213 4407 1276 4473 usuc
1289 4402 1580 4474 judiciostatunntnr,
1597 4407 1625 4463 iu
1639 4421 1691 4465 sua
1709 4408 1810 4468 tenent
1832 4407 1918 4467 tlru'ri·

281 4491 433 4546 stitutionis
458 4490 586 4560 pagiuam
602 4486 704 4553 sciens,
723 4495 819 4543 eontra
833 4502 894 4543 aaut
905 4487 998 4543 uenire
1013 4494 1075 4543 tea·
1124 4504 1180 4551 tate
1191 4494 1355 4565 consistere,
1372 4506 1401 4552 et
1414 4488 1680 4568 apostalico'rabare
1693 4504 1871 4574 communiri,
1883 4522 1919 4562 ne

281 4584 388 4649 atterit,
410 4581 532 4637 secando
559 4580 674 4637 tertioue
692 4580 872 4646 commonita,
889 4578 943 4636 uisi
967 4586 1073 4635 reatum
1125 4587 1244 4658 alicujus
1268 4589 1380 4645 valeant
1406 4591 1577 4664 malignitate
1602 4609 1652 4664 per
1673 4599 1917 4669 presumptionem

280 4691 361 4731 suam
387 4690 508 4746 congrua
531 4670 718 4730 satisfactione
746 4672 907 4739 correxerit,
932 4670 1075 4741 potestatis
1126 4677 1442 4736 turbarilattllesimns
1456 4682 1676 4754 siqnidemqnod
1693 4700 1757 4741 eam
1779 4689 1846 4744 een,
1859 4687 1917 4745 tn.

282 4767 451 4838 ¹¹⁰¹¹⁰f³⁵l¹l0
463 4767 506 4823 ⁸¹¹¹
521 4766 655 4837 dignitate
668 4772 773 4832 witti·
787 4777 920 4833 ‘tentant
936 4777 967 4818 ⁸0
980 4761 1075 4818 divino
1090 4783 1113 4841 p
1128 4778 1184 4827 tres
1203 4772 1293 4828 nostri
1316 4770 1476 4843 Equilensis
1490 4782 1518 4830 et
1530 4773 1649 4832 torcell.
1667 4778 1790 4852 episcopi
1804 4760 1928 4840 cansam*

280 4860 386 4931 judicia
399 4860 518 4915 existere
531 4859 567 4916 tle
582 4865 737 4928 perpetrata
754 4856 899 4927 iuriquitate
914 4861 1073 4927 cognoscat,
1124 4875 1187 4932 qnae
1202 4863 1360 4919 vertebatur
1387 4864 1458 4920 inter
1482 4874 1508 4920 te
1531 4874 1558 4922 et
1578 4866 1754 4928 abbatemac
1768 4874 1921 4930 maurelius

280 4950 538 5009 etasacratissimo
560 4962 677 5018 corpore
700 4954 728 5002 et
751 4945 886 5017 sanguiue
904 4944 953 5000 bei
972 4960 1006 5002 ae
1020 4944 1075 5001 [lo-
1125 4944 1156 5004 S.
1171 4947 1277 5007 llieulai
1292 4966 1375 5023 snper
1397 4955 1573 5025 susceptione
1587 4964 1632 5012 tna
1648 4957 1684 5014 ab
1708 4959 1768 5031 ipso
1779 4961 1879 5019 abbate
1892 4973 1921 5021 et

283 5043 350 5098 num
374 5039 569 5112 lletlemptaris
592 5037 680 5093 nostri
704 5034 769 5091 lcsn
785 5032 890 5090 Christi
912 5033 1002 5088 aliena
1017 5031 1074 5100 ssat,
1126 5038 1270 5109 iratribus,
1283 5046 1311 5098 ln
1326 5043 1371 5099 die
1382 5043 1562 5103 decensiouis
1576 5047 1684 5105 Domini
1708 5051 1737 5106 in
1752 5053 1836 5109 missa
1860 5043 1919 5112 nia.
1944 5103 1950 5111 ,
1980 5016 1982 5022 ¹

281 5131 415 5203 atoue⁰in
434 5141 568 5217 extremo
582 5128 718 5184 eramiae
743 5126 844 5183 dirinae
866 5123 1009 5195 subjaceat
1033 5124 1076 5180 nl·
1124 5132 1191 5202 ion,
1207 5141 1235 5188 et
1252 5133 1287 5187 ad
1315 5133 1534 5203 processionem,
1555 5146 1583 5192 et
1605 5135 1638 5191 ad
1665 5138 1841 5197 relectionem
1858 5144 1919 5209 tibi,

282 5224 361 5280 tiard.
379 5222 492 5278 Cunctis
505 5233 596 5277 anmm
612 5219 701 5277 cidem
727 5219 789 5273 laco
812 5231 863 5272 sna
876 5215 939 5285 jura
962 5228 1076 5271 serran-
1127 5242 1191 5283 cum
1207 5225 1457 5296 prispmtandam
1471 5226 1506 5284 (te
1530 5229 1661 5287 mandato
1675 5242 1772 5290 „ostro
1798 5237 1920 5306 appeti„
1944 5285 1952 5296 ,

282 5314 359 5371 tibus
369 5313 405 5368 sit
416 5326 470 5382 pax
485 5309 594 5365 Domini
618 5308 706 5365 nostri
719 5307 785 5363 testa
809 5305 925 5372 Cbristi,
938 5311 1077 5375 quamtum
1130 5318 1205 5373 nom
1238 5327 1343 5373 remam
1368 5316 1554 5372 diffiniendam
1584 5322 1785 5392 suscepissent,
1808 5324 1918 5381 tandem

282 5415 311 5463 et
328 5405 374 5462 bic
387 5403 508 5459 [ructuat
528 5401 608 5456 ltaoae
621 5400 740 5457 actiotris
767 5397 931 5469 percipiant,
953 5404 982 5452 et
1005 5396 1078 5484 apud
1128 5419 1213 5475 super
1223 5405 1399 5475 susceptione
1419 5407 1489 5478 ipsa,
1508 5409 1696 5478 processione,
1712 5425 1745 5466 ae
1768 5389 1920 5469 relectione

283 5496 441 5553 districtum
456 5492 578 5564 judicent
589 5491 703 5563 praemia
719 5500 827 5548 uernae
837 5489 914 5561 pacis
925 5487 1075 5546 inveniant·
1128 5493 1284 5550 rationibus
1304 5494 1407 5551 auditis
1419 5496 1539 5567 plenius,
1551 5506 1579 5553 et
1603 5497 1758 5566 intellectis,
1771 5506 1802 5555 et
1816 5500 1919 5555 uerita-

283 5592 382 5646 ttuteo.
1131 5595 1184 5640 tem
1199 5586 1238 5639 rei
1250 5600 1298 5657 per
1313 5585 1517 5644 contessionem
1545 5589 1653 5646 abbatis
1668 5596 1697 5646 et
1720 5592 1919 5650 mainadarum

320 5680 377 5749 Ego
391 5676 519 5732 thtoens
533 5673 675 5730 catltulicae
684 5671 814 5728 Ecclesiae
823 5672 978 5744 episeopus.
1129 5667 1430 5745 ejusdem⁰m0uasterii
1445 5678 1612 5735 sufficienter
1624 5681 1919 5751 capuita,senterttiam

321 5769 378 5841 Ego
391 5766 576 5833 Tltcobaltlas,
587 5762 722 5820 Ostiensis
733 5771 761 5819 et
787 5761 964 5822 llelletrctttis
976 5763 1081 5836 episca·
1130 5782 1182 5836 pro
1195 5776 1221 5822 te
1241 5766 1412 5825 diffinitivam
1427 5769 1558 5836 tulerunt,
1572 5786 1658 5842 quam
1673 5771 1768 5843 ntique
1789 5783 1877 5828 ratam
1892 5783 1920 5831 et

286 5878 349 5933 pus,
1131 5858 1239 5914 tlrmam
1260 5859 1405 5928 babentes,
1418 5861 1453 5917 ad
1468 5862 1608 5933 exemplar
1628 5862 1694 5918 ban.
1710 5878 1801 5919 mem.
1815 5862 1920 5923 llrbaai

323 5952 379 6024 tipo
402 5952 534 6027 loannes,
552 5951 696 6028 presbyter
724 5946 873 6007 cardinalis
906 5947 949 6006 tit.
983 5946 1079 6006 Sancti
1131 5966 1225 6023 papa,
1246 5951 1460 6024 predecessoris
1470 5955 1558 6011 uestri
1580 5956 1744 6013 auctoritate
1768 5956 1919 6028 apostolica

236 6097 244 6105 .
287 6045 384 6106 llarci.
1130 6037 1274 6121 prunulis
1288 6042 1381 6117 scripti
1395 6044 1779 6117 panomniocommauinras;
1792 6053 1923 6129 stataaag
