4584 6767
981 600 1061 657 ltu
1080 598 1110 657 S.
1129 595 1371 658 WOLBODONIS.

331 707 1959 754 &mmm

659 805 836 1003 rien
882 882 1140 997 sanem
1171 880 1647 1023 waessonoms

690 1262 830 1319 auctore
847 1258 993 1318 Reraeao
1017 1254 1176 1317 monacho
1190 1256 1222 1316 S.
1241 1254 1411 1317 Laurentii
1427 1254 1618 1318 Leodionsis

750 1419 936 1481 caracara
953 1417 1155 1498 chapeavillo
1171 1425 1199 1478 et
1214 1417 1323 1497 Aprili
1340 1416 1564 1479 Bollaudiauo.

561 1585 606 1657 (0.
636 1582 798 1648 Mansuram,
825 1583 890 1636 Acro
915 1579 969 1639 SS.
1000 1579 1060 1636 ord.
1088 1578 1119 1635 S.
1149 1578 1248 1636 Bened.
1277 1579 1347 1636 Sace.
1378 1579 1422 1648 Vt,
1448 1588 1519 1651 part.
1550 1597 1570 1648 r,
1590 1596 1617 1652 p.
1648 1580 1721 1651 t'll.)

693 1920 737 2015 ῃ
784 1839 1279 2020 aasnavamaarrs
1308 1892 1589 1985 eaavrre.
1666 1821 1709 1968 s
1847 1992 1852 2000 ,

358 2114 386 2171 1.
408 2107 492 2166 ttatrs·
509 2088 750 2177 onmessaaaores
765 2106 833 2162 beati
849 2104 1018 2161 Wolbodoais
1038 2106 1150 2174 episcopi
1168 2104 1317 2160 Leodiensis
1340 2113 1412 2173 perta
1431 2104 1534 2172 scriptis
1550 2106 1728 2168 mandarunt,
1746 2117 1773 2161 at
1786 2089 1878 2162 nullus¹
1892 2108 1958 2164 mibi

326 2189 427 2243 ridetur
442 2178 578 2301 uariatior
591 2174 714 2238 lieinero,
730 2177 885 2229 monasterii
902 2173 998 2229 Sancti
1017 2173 1159 2228 Laurentii
1175 2173 1324 2228 leodiensis
1338 2176 1482 2236 monario,
1495 2174 1539 2227 ubi
1553 2186 1660 2229 sauctus
1671 2175 1716 2230 ille
1729 2177 1895 2245 eirsepultns
1906 2190 1956 2236 est,

328 2258 375 2311 llic
390 2259 483 2307 aretem
517 2247 630 2307 cineras,
640 2242 843 2315 queasi'alerins
857 2244 974 2297 Andreas
987 2244 1016 2296 irs
1027 2243 1186 2298 bibliotheca
1197 2242 1507 2313 &careassonensibus
1520 2241 1660 2299 eti'ossius
1670 2248 1697 2299 in
1713 2245 1845 2301 historicis
1855 2246 1958 2303 barinis

327 2324 479 2389 existimant
495 2316 567 2369 circo
580 2330 680 2368 aunum
694 2314 764 2369 ltso
776 2315 908 2382 placuisse,
920 2328 952 2366 ec
966 2315 1048 2367 soriis
1059 2314 1231 2379 scriptoribus
1244 2317 1290 2383 qui
1306 2316 1339 2366 de
1358 2314 1434 2367 bento
1451 2312 1615 2367 Wolbodane
1627 2316 1786 2384 scripserant
1801 2317 1957 2383 opusculum

326 2410 400 2450 sssns
416 2384 567 2467 componit,
595 2385 703 2453 ipsomet
726 2391 876 2444 attestante,
893 2392 922 2435 ut
936 2383 979 2450 pio
996 2382 1110 2449 fratrum
1123 2398 1231 2436 suornm
1253 2383 1385 2437 desiderio
1400 2382 1581 2449 [aceretsatis.
1600 2382 1695 2437 Verum
1718 2387 1824 2454 quisnam
1849 2388 1900 2440 sint
1918 2386 1959 2440 illi

326 2457 458 2523 suctores,
472 2471 518 2524 epus
532 2464 592 2507 ante
606 2454 733 2522 scriptum
748 2451 780 2506 de
795 2468 827 2507 ea
844 2469 870 2506 re
884 2452 1054 2520 scripserant.
1070 2457 1122 2505 aon
1145 2452 1260 2515 indicat,
1275 2468 1322 2505 nec
1335 2452 1403 2505 alias
1417 2452 1532 2518 seperire
1542 2451 1629 2505 licuit.
1644 2452 1748 2522 Profert
1764 2455 1868 2525 quidem
1884 2453 1959 2509 lien·

327 2531 451 2587 sclrersr'sss
464 2525 535 2578 beati
558 2520 730 2576 Wolbodoais
742 2521 854 2591 elopium
875 2537 907 2575 ec
918 2522 1027 2590 antiquo
1038 2519 1230 2591 Martyrolopio
1247 2521 1403 2574 nrsnasterii
1423 2520 1516 2575 Sancti
1532 2519 1670 2575 laurentii
1691 2524 1869 2591 desumptum,
1885 2526 1956 2592 quod

327 2604 371 2669 ipsi
396 2594 538 2664 antiquius
562 2590 772 2645 lieincsooisum
795 2600 844 2644 est.
872 2591 915 2654 At,
942 2605 999 2642 rum
1014 2588 1079 2642 nibil
1096 2589 1171 2643 aliud
1185 2592 1220 2643 sir
1240 2607 1319 2659 quam
1334 2590 1517 2655 compendium
1536 2606 1700 2660 eorumque
1719 2592 1958 2662 alleinerolasius

327 2662 568 2726 momentaneae
584 2660 775 2728 Reincraprius
792 2671 838 2713 oret
856 2660 989 2729 posterius
1012 2658 1104 2725 luerit,
1121 2676 1215 2726 parum
1239 2660 1354 2714 interest.
1371 2658 1502 2713 Caeterum
1523 2671 1620 2727 prretcr
1633 2664 1701 2714 bunc
1713 2673 1848 2715 auctorem
1866 2663 1959 2715 Artsel-
2067 2677 2072 2684 ·

325 2757 380 2794 nus
396 2733 545 2791 caramerus
557 2730 709 2785 Leodieusis
730 2738 754 2783 et
765 2728 891 2798 AEpitlius
915 2725 1112 2782 Aurea-Vallis
1123 2730 1229 2781 ordinis
1243 2727 1425 2782 Cisterciensic
1447 2729 1606 2791 monaclrus,
1618 2729 1695 2798 plura
1710 2732 1742 2782 de
1754 2732 1828 2783 beato
1849 2729 1958 2784 Wolbo-

327 2812 391 2864 dorse
411 2803 578 2869 scripserant
598 2799 811 2853 saculodecirno
838 2798 931 2860 tertio,
954 2813 1014 2866 arere
1040 2796 1226 2864 Ciropeaoillus
1246 2808 1317 2851 torno
1339 2800 1424 2863 primo
1446 2797 1483 2850 De
1497 2798 1581 2863 gestis
1597 2798 1757 2867 porrtillenm
1773 2797 1958 2854 Leodieasium

329 2895 385 2932 csm
399 2873 484 2931 soriis
504 2870 720 2923 adnotationibus
734 2868 857 2936 culpavit.
875 2868 908 2920 At
922 2869 988 2921 satis
1003 2866 1085 2920 risum
1103 2876 1140 2919 est
1156 2866 1262 2920 ceteris
1284 2866 1388 2919 omissis
1402 2864 1507 2918 lleineri
1525 2881 1591 2920 onus
1608 2868 1744 2937 prolerre:
1755 2882 1788 2920 ec
1800 2884 1853 2938 quo
1867 2884 1959 2935 uenspre

327 2948 362 3001 ills'
377 2942 541 3015 posteriores
549 2940 693 3002 iusserunt
705 2955 736 2991 ea
745 2954 804 2999 aare
818 2938 849 2989 ab
865 2938 927 3003 ipsis
942 2945 1113 2990 enarrantur.

358 3017 387 3071 Ξ.
403 3013 496 3080 Nepae
505 3011 583 3077 plane
598 3006 778 3061 licasclsenius
800 3004 990 3060 Wolbodonem
1008 3005 1096 3059 ordini
1109 3003 1280 3060 Benedictiaa
1296 3004 1479 3060 ascribendam
1493 3020 1561 3072 esse,
1577 3022 1607 3059 eo
1621 3006 1755 3075 pracr'pue
1773 3006 1851 3061 nicus
1869 3022 1953 3075 arpa·

327 3095 423 3145 uento,
439 3080 511 3151 quod
528 3078 554 3130 in
575 3075 635 3130 l'ita
650 3093 666 3130 a
679 3074 789 3129 lleiaero
806 3075 889 3140 edita,
911 3072 1039 3128 Wolbodo
1053 3091 1069 3126 a
1084 3090 1165 3139 puero
1176 3076 1320 3132 canonicas
1333 3073 1457 3128 Ecclesia
1480 3072 1665 3142 UltraJ'ectinco
1686 3076 1792 3129 dicotur
1808 3077 1903 3142 luisse,
1920 3091 1952 3130 ac

327 3156 432 3207 lessam
448 3157 507 3218 post
519 3146 612 3200 norim
629 3146 771 3213 dipnitates
794 3146 822 3198 iu
844 3160 874 3197 ea
897 3142 1014 3217 Ecclesia
1031 3143 1241 3207 administratae,
1254 3141 1392 3198 Leodiensi
1406 3142 1530 3197 Ecclesia
1554 3145 1702 3212 perelectus.
1715 3143 1888 3199 stabulenses
1903 3155 1950 3197 ta·

329 3240 386 3276 rues
402 3216 531 3273 morsorii
547 3230 611 3273 eum
624 3216 673 3269 sibi
697 3216 833 3269 riudicare
847 3225 994 3277 conantur,·
1006 3222 1029 3265 et
1044 3213 1148 3281 quadem
1161 3229 1221 3268 eum
1242 3214 1400 3267 monaclmm
1415 3212 1496 3280 lesisse
1508 3214 1650 3281 scriptores
1669 3231 1695 3265 ar
1706 3214 1726 3266 ti
1746 3216 1772 3266 ui
1789 3215 1868 3269 simul
1881 3226 1905 3267 et
1917 3230 1960 3268 rs·

327 3292 469 3351 cerciores,
495 3295 549 3338 tam
571 3283 747 3347 llerredietini,
761 3300 841 3353 quam
854 3283 939 3336 exteri
958 3281 1078 3334 unanimi
1089 3297 1218 3335 consensu
1232 3283 1365 3350 latentur,
1386 3285 1457 3351 quod
1468 3284 1576 3335 disertis
1591 3283 1674 3336 uerbis
1696 3231 1809 3352 spissam
1830 3283 1955 3353 Epidius
1972 3274 1976 3291 '

327 3365 431 3416 lureoe·
440 3354 525 3409 Vallis
538 3350 717 3407 cisterciensis
740 3351 895 3416 moaaclsus,
910 3352 954 3421 qui
969 3351 1075 3403 ineunte
1088 3351 1186 3403 soeculo
1201 3351 1303 3405 decimo
1327 3352 1404 3405 tertia
1419 3352 1520 3419 pressit.
1533 3350 1597 3405 Post
1612 3352 1766 3418 ‹iecessarm
1781 3353 1876 3423 inquit,
1896 3351 1959 3417 Bal·

302 3432 395 3492 ,orici
422 3423 565 3495 episcopi,
591 3420 821 3492 qrrsdreges‘rmas
849 3430 963 3475 octovas
992 3418 1153 3474 Leodieasis
1178 3424 1272 3488 cpiseo
1293 3436 1334 3481 ns,
1353 3423 1505 3475 nrnnaclms
1529 3420 1695 3489 religiosas,
1715 3435 1832 3489 magara
1846 3422 1957 3475 rietatis

326 3502 389 3564 sir,
419 3504 448 3551 et
471 3492 645 3563 imperatoris
674 3490 783 3546 Heariei
806 3491 987 3557 capellanus,
1011 3490 1108 3544 besens
1126 3489 1232 3543 scilieet
1297 3491 1396 3545 olbodo
1423 3491 1565 3544 srrccessit.
1595 3489 1722 3544 banalem
1745 3492 1959 3545 sententiamse-

331 3563 535 3635 amatissime
555 3558 756 3629 inmorsosrerio
780 3558 872 3614 Sancti
892 3560 1029 3612 Laurentii
1060 3556 1213 3613 leodiensis
1235 3571 1303 3625 paret
1329 3576 1362 3613 erc
1386 3559 1506 3612 barbaris
1529 3559 1667 3624 uersibus,
1693 3561 1739 3628 aas
1767 3564 1815 3613 sub
1843 3559 1958 3613 ilenrico

326 3636 375 3693 Π
385 3632 425 3690 Vl
433 3673 442 3701 ,
461 3630 582 3704 ejusdem
607 3630 659 3685 loci
686 3630 788 3694 abbate,
812 3630 878 3683 editi
903 3637 977 3696 sunt,
999 3643 1110 3697 quornm
1138 3628 1240 3697 aliquot
1267 3629 1319 3682 truc
1337 3627 1436 3697 referre
1460 3630 1542 3683 airum
1559 3638 1596 3681 est
1621 3643 1655 3683 eo
1669 3627 1777 3683 Molosso
1799 3642 1823 3685 ct
1839 3629 1959 3695 Cbapea·

326 3710 401 3762 rullo.

687 3791 778 3860 Stirpe
796 3790 915 3853 decens,
936 3790 1035 3843 rirtate
1052 3789 1157 3857 nitens,
1178 3788 1312 3844 Wolboda
1333 3798 1453 3855 notatas,
1617 3789 1621 3795 ’
1980 3792 1986 3832 t

685 3861 849 3930 Propositus
868 3859 972 3929 padam
993 3858 1127 3926 Trnjecri,
1147 3870 1239 3915 rector
1258 3860 1394 3924 elidem,

680 3930 720 3986 Ob
740 3931 862 3985 eaetrbem
882 3939 999 3994 statam,
1020 3938 1082 3999 past
1101 3932 1158 3984 lraeo
1177 3930 1279 4001 recepit
1299 3931 1502 3985 rnorraelratum.

329 4032 392 4094 Nous
410 4028 527 4095 referunt
548 4025 587 4080 illl
605 4031 738 4088 auctores,
755 4038 806 4092 auo
826 4021 853 4075 in
872 4021 929 4074 loco
946 4022 1005 4089 pias
1022 4023 1130 4076 antistes
1147 4023 1321 4077 monasticam
1341 4032 1434 4078 restem
1452 4021 1606 4090 susceperit,
1623 4022 1670 4075 sed
1689 4021 1771 4076 alium
1788 4029 1959 4094 quarendum

328 4120 379 4156 aaa
390 4115 446 4154 esse
460 4095 662 4151 existimauerim
674 4090 865 4161 proeteripsam
882 4090 1027 4144 Ecclesiam
1045 4089 1248 4158 Trop'ecterrsem,
1270 4093 1298 4146 ia
1311 4109 1362 4161 qua
1377 4092 1517 4157 Wolbodo,
1533 4102 1596 4145 teste
1612 4091 1669 4159 ipso
1682 4090 1804 4155 Ileinero,
1821 4096 1958 4151 insenum

328 4173 391 4240 luit.
412 4168 467 4222 lbi·
478 4166 547 4220 euim
561 4163 666 4235 Repuloe
680 4159 857 4215 Berredictime
879 4161 1097 4229 obseruationem,
1116 4177 1195 4230 quam
1219 4164 1246 4215 iu
1266 4179 1296 4215 eo
1317 4173 1424 4216 sanctus
1440 4160 1627 4215 Wilbbrordus
1650 4164 1828 4226 constituerat,
1848 4168 1959 4233 einaim
2007 4195 2009 4200 -

328 4243 406 4304 eriam
424 4248 487 4292 tuac
501 4236 562 4304 plus
574 4250 654 4306 quam
670 4230 811 4286 uerisimile
824 4240 872 4285 est.
887 4229 943 4283 Nec
958 4232 1059 4283 obstare
1077 4231 1150 4284 deber
1161 4232 1230 4299 arrad
1247 4230 1436 4285 Wolbadonem
1455 4232 1582 4284 lieinerus
1597 4229 1757 4283 eanonicam
1773 4234 1958 4298 appellareris:

329 4326 358 4362 co
376 4312 453 4363 euim⁴
470 4307 573 4360 naariae
595 4299 735 4357 nrouaeltos
758 4298 839 4366 [uisse
864 4300 985 4364 donatas,
1006 4301 1051 4368 aui
1076 4301 1104 4352 in
1123 4301 1238 4353 ecclesiis
1266 4300 1462 4353 cotlredralibus
1482 4299 1596 4352 institui
1617 4307 1704 4361 erant,
1723 4301 1813 4353 multis
1835 4304 1959 4370 esemp'is

331 4377 432 4431 ostendi
455 4383 551 4443 posset.
573 4373 642 4439 Quin
660 4381 684 4425 et
718 4370 799 4423 riruus
814 4378 906 4421 auctor
918 4368 1090 4423 Wolbodauis
1111 4369 1200 4438 elopii,
1217 4385 1292 4437 quem
1311 4370 1373 4422 lruic
1386 4379 1478 4421 sancto
1501 4368 1675 4437 spaclsronum
1695 4367 1778 4435 luisse
1796 4374 1958 4438 suspicatur,

329 4461 356 4499 su
369 4463 432 4501 moe
442 4443 605 4507 dicebamus,
619 4444 674 4511 ipse
691 4387 881 4500 lenocinans,
896 4438 1017 4492 carraaici
1030 4455 1135 4503 stamen,
1166 4440 1217 4491 rrorl
1230 4438 1350 4503 fortassis
1364 4438 1503 4502 Reinerus,
1516 4437 1649 4505 preterita
1660 4452 1718 4491 cum
1728 4438 1778 4493 sibi
1788 4441 1958 4504 presentibus
1968 4442 1973 4450 ”

329 4515 492 4585 temporibus
514 4514 622 4567 metiens
642 4509 774 4572 adlribur'r,
790 4523 841 4561 noa
854 4508 949 4573 baber;
970 4508 1017 4563 sed
1031 4510 1126 4563 asserit
1138 4456 1326 4563 l‘l'olbodoncm
1347 4509 1397 4562 sab
1418 4506 1550 4576 religiosis
1566 4504 1692 4561 Patribus
1714 4507 1742 4561 ia
1765 4508 1958 4564 ecclesiasticis

329 4582 487 4640 clarrstralis
501 4583 563 4637 ritae
575 4580 725 4635 adolevisse
739 4577 900 4646 disciplinis.
914 4577 989 4632 Idem
1003 4578 1082 4643 proulo
1095 4578 1207 4648 inferius
1220 4578 1309 4630 scribit
1323 4579 1407 4631 rirum
1423 4587 1553 4641 sanctam,
1578 4575 1689 4629 inritum
1704 4576 1841 4632 aelaustri
1867 4579 1959 4647 quiete

329 4657 477 4709 abductam
493 4651 526 4704 ab
541 4653 696 4720 imperatore
710 4646 800 4715 scrisse,
813 4661 893 4715 quern
915 4661 1008 4702 secam
1029 4648 1055 4701 in
1071 4646 1173 4715 capella
1193 4647 1350 4717 aliquandiu
1371 4648 1535 4703 commorari
1556 4646 1649 4699 voluit.
1668 4645 1733 4712 Qua
1747 4649 1835 4701 ornnia
1848 4648 1960 4718 probare
1990 4655 2003 4683 ·'

329 4728 453 4779 rideatar
468 4718 656 4783 Wolbodoaem
669 4718 820 4772 arorsastr'cis
834 4717 961 4770 institutis
974 4717 1055 4785 [aisse
1068 4718 1214 4770 addictum.
1855 4750 1861 4763 .

363 4797 392 4850 5.
414 4792 604 4851 Walbacloaem
628 4803 698 4842 anno
719 4785 816 4839 Cirristi
829 4785 923 4839 bibile
941 4788 1007 4841 uiris
1021 4788 1163 4842 excessisse
1185 4787 1348 4840 consentiunt
1367 4786 1421 4859 [ere
1447 4803 1535 4841 ornnes
1559 4794 1687 4848 auctores,
1708 4802 1759 4856 qua
1780 4786 1814 4844 de
1833 4805 1860 4843 re
1883 4787 1957 4842 nulla

330 4870 436 4920 sicerae
454 4882 510 4921 esse
533 4859 684 4931 difficultas.
704 4854 769 4909 Pari
783 4870 909 4908 consensu
928 4856 962 4909 ad
976 4857 1044 4911 client
1061 4857 1091 4908 ii
1109 4857 1208 4926 Aprilis
1226 4851 1283 4926 ejus
1301 4858 1401 4911 obitum
1415 4858 1602 4924 corripuerunt
1615 4874 1623 4911 :
1636 4866 1662 4908 at
1677 4858 1809 4911 contendit
1826 4858 1959 4911 bienselre·
1995 4864 2000 4870 '

328 4938 397 4998 sies,
415 4949 512 4989 ueteres
527 4939 647 4984 auctores
658 4922 827 4980 Walbodaais
838 4926 1024 4993 depositionem
1040 4926 1066 4978 in
1079 4927 1187 4981 ecclesia
1199 4924 1290 4979 Sancti
1305 4923 1451 4992 borrreutii,
1464 4943 1516 4980 uon
1528 4941 1585 4979 uero
1596 4925 1652 4993 ejus
1663 4926 1771 4989 obitum,
1784 4943 1859 4995 auem
1872 4927 1958 4989 pridie

328 4999 605 5075 coatipissepatat,ad
617 4997 649 5051 2!
662 4994 759 5065 Aprilis
767 4994 894 5058 retulisse,
905 4999 974 5063 quod
986 4997 1110 5049 nonsatis
1130 4996 1292 5049 attendentes
1310 4998 1355 5068 qui
1372 5004 1462 5065 postea
1482 4996 1562 5049 secuti
1580 5006 1636 5047 sunt
1647 4996 1787 5062 scriptores
1800 4994 1958 5064 Hartpmlo-

328 5079 447 5145 morum,
468 5073 586 5142 ep'rrsdcm
601 5069 685 5121 suncti
709 5065 765 5124 sirin
780 5062 878 5117 obitum
893 5066 945 5118 diei
962 5066 993 5121 21
1010 5065 1157 5134 illiparuat.
1180 5065 1211 5118 lit
1225 5066 1329 5135 quidem
1351 5066 1374 5120 si
1393 5082 1462 5119 anno
1479 5064 1543 5117 tant
1559 5062 1686 5116 Wolbodo
1701 5068 1838 5118 excesserit
1859 5082 1873 5118 e
1892 5065 1956 5128 rita,
2007 5121 2010 5133 Ι

328 5161 389 5198 cnm
413 5142 693 5211 [eriaqaiatmprout
712 5133 762 5187 sibl
789 5146 915 5186 asaacro
935 5133 1078 5189 Laurentio
1102 5137 1259 5203 promissam
1288 5136 1389 5205 inerat,
1413 5151 1483 5188 mors
1508 5134 1565 5202 ejas
1591 5134 1744 5201 corruperit,
1769 5132 1894 5186 dicendus
1919 5140 1957 5185 cst

329 5216 424 5266 aluisse
435 5216 478 5265 die
488 5215 522 5265 20
536 5226 544 5274 ,·
557 5225 617 5261 uam
632 5208 687 5260 laec
700 5206 754 5256 dies
769 5216 838 5256 artua
850 5203 914 5256 tuter
929 5204 1057 5258 incidebat
1072 5205 1098 5256 ia
1113 5204 1206 5271 [eriam
1219 5205 1336 5274 quintam
1349 5204 1495 5258 Dorrrirricae
1512 5203 1633 5256 recursare
1644 5213 1701 5269 post
1714 5202 1826 5253 Pasclro.
1851 5200 1956 5261 Verane,
1981 5264 1983 5267 Ι

329 5287 349 5334 st
373 5283 444 5334 beari
462 5280 587 5334 antistitis
607 5277 692 5329 abitus
714 5275 747 5326 od
769 5286 868 5324 aarruns
883 5274 999 5337 1021,ιο
1020 5274 1177 5343 arribusdam
1196 5275 1292 5343 placet,
1320 5283 1470 5338 reuocetur,
1497 5284 1558 5324 tuac
1575 5271 1641 5335 seria
1662 5271 1754 5338 quinta
1772 5267 1957 5336 postl’osclra,

329 5354 385 5403 dies
405 5351 504 5403 scilicet
529 5349 651 5416 ripesr'nra
676 5343 762 5413 pr'inro
780 5342 893 5408 Aprilis,
915 5354 1030 5397 extrema
1053 5344 1111 5411 ejus
1129 5345 1184 5397 dies
1207 5345 1289 5411 [aisse
1313 5345 1424 5397 dicenda
1448 5352 1497 5406 est,
1518 5340 1587 5408 quod
1600 5336 1702 5389 licineri
1722 5338 1869 5391 narrationi
1893 5338 1958 5391 satis

329 5436 476 5487 conprnere
490 5421 601 5473 uidetur.
621 5413 790 5477 l'erurn,runr
802 5413 906 5479 ipsemet
919 5411 1056 5475 Reiuerus,
1073 5412 1220 5469 Cltronicau
1232 5411 1374 5466 Leodiersss
1392 5411 1538 5478 antiquum,
1552 5407 1667 5476 ejusdem
1685 5406 1756 5459 urbis
1779 5410 1957 5476 episcopor-m

329 5491 458 5558 catalupi,
473 5490 610 5555 ceterique
630 5499 717 5537 omnes
733 5483 891 5552 antiquiores
902 5484 1039 5552 scriptores
1052 5490 1201 5536 constanter
1210 5480 1243 5534 W
1246 5480 1381 5535 olbodoais
1396 5482 1493 5534 obitum
1513 5493 1582 5531 antro
1597 5475 1660 5529 102¹
1676 5477 1815 5547 cotrtt'pr'sse
1827 5487 1956 5543 asserant,

331 5558 493 5610 lleusclsenii
506 5556 660 5611 seutentiam
671 5552 794 5621 prolerre
808 5551 891 5604 risum
906 5560 954 5605 est.
1268 5568 1272 5573 ¹
1363 5592 1366 5597 .
1440 5587 1442 5590 .

321 5646 324 5650 ’
367 5628 395 5683 i.
420 5626 592 5680 Wolbodonis
609 5625 761 5676 nreruarr'anr
781 5623 808 5675 in
820 5619 1017 5691 blartprolopiis
1031 5622 1144 5690 amplias
1171 5624 1277 5691 tripiato
1292 5630 1408 5676 notatam
1428 5618 1524 5672 cidisse
1539 5632 1566 5668 se
1583 5626 1694 5671 testatur
1705 5615 1822 5670 loursnes
1834 5613 1957 5668 ttataans

332 5698 361 5751 irs
379 5697 523 5749 Natalibus
541 5702 692 5748 sanctorum
703 5690 799 5761 ttetptt,
814 5691 856 5744 srbr'
873 5693 930 5771 eius
942 5692 1015 5747 breue
1029 5694 1142 5761 alapiam
1161 5694 1251 5761 relect,
1267 5706 1326 5744 cum
1345 5691 1459 5743 versibus
1476 5707 1491 5740 a
1508 5688 1580 5741 nobis
1595 5703 1678 5754 supra
1692 5687 1815 5739 laudatis.
1833 5684 1957 5762 Ejusdem

333 5767 451 5819 meminit
473 5767 500 5818 irr
518 5765 594 5833 [ostis
606 5762 730 5831 tretpter's.
757 5759 831 5814 Unde
849 5776 945 5814 mirum
964 5773 1070 5817 nonest
1089 5764 1111 5814 si
1126 5764 1171 5832 aui
1189 5772 1278 5828 postea
1297 5760 1485 5828 blartproloqia
1508 5759 1697 5825 conscripsere,
1714 5754 1845 5806 Araoldas
1867 5751 1966 5812 ilion,

334 5836 413 5904 liupo
428 5836 583 5897 lleuosdus,
597 5832 757 5901 llorparrius,
769 5828 923 5895 Rusellrrus,
937 5830 1077 5885 Ferrarius
1093 5832 1120 5885 in
1134 5834 1252 5899 catalopo
1280 5834 1376 5883 caeralr'
1390 5839 1553 5892 sanatorum,
1564 5826 1670 5893 aliique,
1683 5824 1851 5879 Wattaaana
1864 5836 1958 5887 atrorem

332 5907 387 5958 rsris
401 5905 479 5970 lastis
495 5901 672 5971 ascripserint.
686 5901 723 5955 lle
735 5917 766 5953 eo
779 5900 837 5969 {use
850 5901 903 5969 apit
917 5900 1038 5971 bleperus
1051 5902 1078 5954 ia
1089 5902 1234 5954 Arraalibus
1271 5901 1382 5955 lanaria
1393 5899 1427 5952 acl
1440 5915 1539 5952 auream
1551 5896 1628 5950 102⁰.
1644 5894 1803 5957 Placentr'us,
1816 5888 1966 5986 Bartlrolo·¹

333 5991 417 6028 maus
429 5971 544 6026 Fiseaus
564 5974 591 6025 in
604 5968 732 6025 t'tasltas
752 5970 878 6025 Ecclesia
894 5968 1058 6037 leodiensis,
1081 5972 1229 6042 similesque
1247 5982 1378 6032 auctores,
1397 5984 1462 6038 qrras
1483 5982 1615 6022 recensere
1638 5977 1857 6030 superuacaneum
1880 5958 1957 6033 [oret.

333 6044 367 6097 At
383 6044 503 6099 omittere
522 6041 647 6099 nonlicet
661 6042 791 6114 eprepium
810 6041 998 6119 testimonium,
1014 6042 1083 6114 quod
1093 6040 1235 6096 baldricus
1249 6039 1431 6095 ilariameasr's
1443 6037 1586 6110 episcopas,
1601 6034 1642 6089 uir
1653 6033 1739 6103 arants
1758 6048 1789 6087 oe
1801 6025 1959 6091 Wotbodat
