4584 6767
329 595 380 655 tat
774 589 886 648 oesrt
907 586 1015 646 urtsc.
1036 587 1180 647 rmum.
1197 588 1243 660 er
1262 561 1387 644 touta.
1408 585 1438 645 s.
1459 584 1586 644 rtron.
1913 587 1967 645 ote

331 710 429 766 adesse
440 702 584 762 Caninium
601 704 623 736 ¹·
636 712 662 758 et
675 700 805 771 legiones,
824 720 834 755 r
852 700 912 757 siue
927 701 1010 757 dubio
1022 700 1122 756 lloma-
1137 707 1165 771 ι
1179 697 1346 771 exemplum,
1360 713 1422 754 cnm
1443 698 1501 768 ipsa
1521 695 1613 752 uriseri
1636 709 1756 766 pratens
1775 695 1799 727 '⁸
1821 695 1908 752 torma
1924 699 1968 754 ri·

331 814 441 866 norum,
462 818 473 852 r
490 798 518 854 in
535 794 635 852 fluibus
652 796 676 828 ¹·
693 796 751 852 ouis
771 796 913 859 riderent.
929 794 1049 865 aridique
1070 793 1125 849 col·
1176 792 1300 850 rentiret
1312 790 1345 846 ad
1357 789 1575 847 recordationem
1590 798 1731 846 ammonet
1744 778 1917 847 conscios’et
1931 791 1966 848 atl

329 892 410 952 lectis
421 891 518 963 copiis,
531 890 659 960 oppidem
669 886 843 945 verodunum
852 887 959 959 (tter)
975 894 1122 957 occupant.
1141 949 1146 956 ¹
1176 883 1388 956 sciscitationem
1403 882 1477 954 cogit
1490 881 1613 951 ignaros.
1628 879 1864 958 Exirartstisatqne
1874 881 1983 940 «ternu.

331 985 390 1045 liae
405 984 534 1056 opptdnn
557 984 584 1038 in
604 981 754 1038 editissima
777 983 879 1037 montis
895 995 960 1037 arce
972 979 1122 1053 pemlebat,
1175 972 1232 1029 iitit
1246 969 1346 1040 Gallis,
1358 985 1473 1027 securus
1493 970 1585 1027 datar
1606 970 1633 1025 in
1655 969 1760 1025 ltaliam
1779 984 1840 1025 cum
1856 970 1969 1043 legioni·

291 1141 298 1156 ,
331 1082 442 1139 duabus
457 1076 582 1149 partibus
598 1091 648 1148 per
659 1078 773 1147 abrupta
788 1075 875 1132 latera
896 1088 950 1130 nort
976 1072 1124 1144 parroilu·
1174 1066 1332 1131 burrello.
1355 1066 1446 1123 nullos
1466 1073 1529 1138 post
1549 1078 1580 1123 te
1605 1063 1747 1122 Gallorum
1773 1075 1862 1122 motus
1885 1066 1969 1137 perti·

330 1172 407 1229 raino
420 1168 594 1244 cingebatur.
605 1168 694 1225 Medio
706 1167 807 1225 deinde
824 1168 956 1225 descensu
970 1164 1127 1238 largissimo
1175 1172 1316 1226 111111111ὓὶ
1333 1166 1409 1216 11110
1425 1158 1527 1224 miens·
1543 1158 1657 1215 1111111110
1672 1173 1702 1214 ⁸0
1719 1158 1839 1230 1111111111.
1861 1158 1909 1230 (lbi
1923 1160 1968 1217 tel

332 1265 409 1323 iente
432 1278 561 1321 securatur
581 1260 753 1333 plurimaque
777 1261 932 1317 introrsum
959 1259 1038 1329 copia
1064 1257 1124 1314 iru·
1175 1250 1278 1306 mereri
1303 1253 1423 1307 audeant
1448 1250 1489 1307 rel
1515 1251 1539 1308 si
1565 1259 1729 1308 moveantur
1754 1251 1867 1308 timendi
1892 1254 1967 1320 sint,

330 1356 417 1415 menti
442 1365 542 1423 tutum,
568 1355 662 1411 irritos
680 1356 702 1389 ¹¹
718 1355 813 1427 procul
838 1354 980 1412 dircurrnr
1003 1352 1123 1409 bostium
1175 1342 1332 1414 reliquisse.
1352 1363 1362 1397 t
1381 1341 1444 1402 tlaec
1458 1342 1583 1399 Romana
1600 1342 1726 1400 bistoria.

330 1445 509 1519 despiciebat.
527 1444 670 1512 Caninius,
682 1442 756 1516 quod
780 1444 870 1502 solum
889 1444 1012 1501 iiomana
1031 1439 1123 1513 prori·
1210 1435 1343 1493 Ultimum
1359 1435 1444 1507 igitur
1457 1434 1584 1505 proelium
1598 1434 1698 1490 cesari
1715 1434 1743 1490 in
1758 1433 1863 1491 Gallias
1878 1434 1966 1494 licro-

259 1539 266 1552 '
329 1535 409 1596 tione
420 1536 510 1609 potuit
529 1539 564 1604 ¹¹,
578 1538 676 1593 ambos
700 1538 785 1594 duces
801 1551 862 1593 eum
882 1543 962 1607 parte
978 1532 1121 1605 copiarum
1174 1528 1275 1586 dunum
1291 1538 1412 1585 castrum
1429 1527 1489 1593 luit,
1499 1527 1534 1584 de
1546 1542 1601 1599 qno
1614 1527 1702 1599 possis
1716 1527 1814 1585 merito
1827 1533 1965 1598 conicere,

330 1629 447 1701 plurima
460 1628 878 1700 lncampocroeatot‚maaimo
899 1628 995 1699 praelio
1008 1639 1122 1696 supera·
1173 1621 1267 1692 quanti
1279 1620 1399 1677 nominis
1419 1630 1447 1677 et
1462 1619 1571 1675 virtutis
1584 1620 1641 1690 iam
1665 1627 1730 1676 tuuc
1751 1618 1843 1684 tuerit,
1863 1620 1890 1675 in
1909 1635 1965 1693 qno

330 1720 381 1775 rit.
399 1716 467 1774 iiam
482 1718 708 1776 unocxdncibns
719 1719 744 1751 ⁸⁸
758 1718 910 1782 interiecto,
926 1718 1043 1774 aiterum
1058 1729 1121 1772 cum
1173 1716 1217 1772 illa
1231 1711 1352 1790 praeceps
1364 1717 1480 1774 victoria
1497 1716 1629 1775 fortonati
1646 1715 1861 1775 caesarianum
1880 1717 1965 1775 moris

329 1808 502 1882 paucitsimis
517 1810 630 1879 legarit.
648 1809 745 1867 Nullus
766 1810 793 1866 iu
809 1811 938 1882 oppidum
961 1810 1058 1874 rediit;
1073 1795 1141 1863 sed*
1172 1825 1229 1882 prae
1249 1811 1375 1867 ontoibur
1396 1809 1537 1867 Gallorum
1562 1808 1640 1865 bellis
1666 1809 1713 1865 diu
1735 1810 1861 1878 ltaeserit;
1886 1807 1967 1881 ctrina

329 1900 405 1957 adid
420 1902 630 1973 oppugnandum
645 1900 753 1957 Caesare
767 1916 837 1972 opus
860 1900 921 1956 init.
941 1899 1036 1969 ltaque
1057 1914 1120 1955 eer-
1172 1901 1301 1972 oppidani
1328 1902 1378 1958 soli
1398 1912 1459 1974 post
1481 1916 1578 1958 otttlles
1593 1900 1686 1957 Gallos
1710 1902 1798 1959 victor
1812 1911 1965 1959 extretnaur

330 1991 384 2046 tior
394 1992 566 2062 peroumios
577 1991 667 2048 iactus
681 1992 775 2049 Cesar
789 1993 923 2057 accurrit,
936 1991 1122 2061 circumspec·
1141 2030 1143 2034 -
1172 1989 1237 2048 beili
1253 2006 1362 2047 manum
1378 2007 1428 2062 pro
1445 1992 1572 2048 libertato
1589 1992 1672 2047 etiam
1694 2000 1789 2046 eontra
1803 1992 1890 2062 ipsum
1906 1991 1965 2047 ca·

330 2085 420 2155 litque
436 2084 573 2150 omnibus,
594 2084 679 2147 ridet.
695 2087 717 2141 si
732 2085 756 2118 ⁸⁸
769 2099 928 2158 expugnare
941 2084 967 2140 ri
982 2084 1119 2149 moliatur,
1173 2097 1263 2140 sarem
1271 2083 1478 2168 consequerinu
1490 2083 1589 2154 quibus
1601 2081 1688 2154 raptis
1702 2090 1729 2138 ct
1737 2082 1861 2146 domitis,
1875 2081 1965 2138 castr

330 2170 431 2228 htdoel
439 2170 596 2242 spectaculo
609 2170 728 2225 bostium
739 2169 885 2227 delendum
896 2184 957 2226 esee
968 2168 1122 2225 exereitum
1170 2174 1227 2245 iam
1243 2175 1280 2230 nil
1296 2175 1349 2231 sibi
1362 2175 1396 2231 tle
1411 2174 1472 2230 aliis
1484 2183 1553 2230 teste
1566 2173 1683 2229 bistoria
1699 2172 1832 2229 timuerit.
1849 2172 1883 2229 Et
1897 2188 1965 2241 quo-
2053 2202 2061 2217 ·

329 2276 424 2327 11111111ῖ
441 2277 525 2318 11111111
548 2260 720 2318 solummodo
734 2261 940 2333 easeprasidii,
957 2262 980 2318 si
998 2275 1123 2332 quoquo-
1173 2269 1248 2324 niam
1267 2267 1372 2324 nulium
1388 2268 1410 2300 ¹·
1433 2268 1572 2339 antiquius
1593 2266 1771 2323 Verorlunica
1792 2265 1966 2340 antiquitatis

270 2359 274 2370 '
330 2352 411 2409 matio
423 2353 448 2387 ⁸⁸
462 2352 555 2411 bostes
569 2368 640 2424 aqua
656 2363 811 2411 arceantur.
826 2353 880 2410 Sed
893 2367 922 2411 et
935 2354 987 2410 boc
1014 2367 1123 2426 quoque
1175 2360 1360 2416 testimonium
1382 2361 1547 2429 invenimus,
1569 2369 1596 2415 ut
1619 2360 1672 2416 boc
1687 2358 1790 2415 iaetutu
1804 2367 1879 2416 certa
1896 2367 1966 2414 tcm-

330 2446 383 2502 aisi
405 2444 502 2503 cesar
527 2463 581 2503 non
601 2446 745 2517 potuisset.
773 2446 914 2517 Siquidem
931 2445 1002 2510 ittet.
1017 2461 1072 2517 quo
1087 2446 1120 2502 ad
1173 2453 1249 2523 poris
1263 2462 1326 2509 nola
1346 2453 1497 2521 signemus,
1511 2455 1570 2510 era't
1591 2464 1668 2518 utero,
1680 2452 1757 2524 juata
1772 2453 1844 2527 quod
1857 2467 1890 2507 ex
1906 2450 1964 2507 itis·

329 2538 700 2607 901111111111111111Λ111110
723 2537 820 2595 (111111
836 2540 938 2595 montis
958 2538 1047 2595 1111111
1061 2537 1123 2594 [1111-
1174 2544 1251 2602 toriis
1275 2544 1404 2617 colligere
1424 2559 1593 2616 possumus,-
1611 2559 1701 2599 annus
1728 2543 1763 2597 ab
1788 2548 1856 2598 urbe
1876 2541 1965 2598 Roma

329 2630 455 2687 debatur.
466 2632 559 2688 tiaram
569 2633 603 2688 ad
612 2631 764 2700 proximum
777 2631 862 2689 iontis
871 2632 1012 2690 admoveri
1027 2635 1122 2689 uineas
1173 2636 1283 2691 condita
1295 2635 1318 2668 ⁸·
1333 2634 1601 2704 septingentesimus,
1618 2649 1705 2689 annus
1719 2632 1880 2704 olimpiadis
1901 2648 1966 2688 ceu·

330 2722 485 2806 turrimque
496 2723 585 2780 extrui
599 2721 692 2792 iussit.
705 2723 749 2780 Fit
764 2725 828 2782 ilico
841 2739 993 2781 concursus
1005 2739 1121 2796 magnus
1174 2729 1278 2783 tesimae
1300 2728 1474 2798 octogesimae
1497 2724 1624 2783 secundat
1648 2723 1803 2791 secundus,
1829 2737 1917 2778 artnus
1942 2721 1965 2755 '¹

328 2825 363 2871 et
374 2814 484 2886 oppido.
500 2813 806 2888 boibussinepericuio
818 2816 1009 2887 proeliantibus
1022 2816 1122 2871 iioma-
1173 2830 1237 2876 autc
1272 2820 1437 2890 dominicam
1467 2817 1686 2874 incarnationem
1719 2814 1966 2890 quitrqnagetiurua

329 2906 384 2976 nia,
402 2908 529 2979 quamvis
550 2909 728 2980 pertinaciter
755 2910 922 2965 obsisterent
942 2909 1122 2979 crebriusque
1173 2911 1319 2968 secundus.
1341 2909 1454 2966 Publica
1482 2923 1565 2981 porro
1595 2915 1639 2964 cst
1664 2908 1792 2964 omnium
1816 2905 1965 2974 sententia,

329 2998 521 3067 succederent,
532 2999 688 3071 complures
701 3008 791 3058 lamen
810 3002 1029 3057 trucidabantur.
1037 3000 1122 3072 igitur
1173 3004 1244 3073 qnod
1261 3002 1342 3059 uestri
1358 3002 1536 3072 pontilleatus
1547 2999 1652 3065 diebus,
1665 2999 1729 3054 dum
1744 2999 1815 3055 intra
1828 2998 1922 3056 urbem
1935 2997 1964 3052 itt

330 3092 467 3148 extruitur
479 3106 563 3168 agger
575 3103 603 3150 et
616 3093 701 3149 turris
726 3094 826 3164 pedum
853 3109 901 3160 tx,
929 3094 1008 3165 cujus
1025 3102 1122 3150 vertex
1173 3097 1302 3166 operibus
1313 3095 1465 3164 iodcrctur,
1481 3096 1539 3167 ipse
1555 3092 1766 3164 occultusaquae
1777 3092 1834 3163 iam
1846 3092 1966 3148 exhaus-

331 3182 470 3255 adaequari
493 3184 526 3240 ad
547 3183 637 3241 locum
655 3184 738 3241 tontis
760 3186 858 3255 possit,
884 3194 914 3240 ut
939 3186 982 3242 rel
995 3199 1028 3242 et
1042 3201 1121 3256 mquo
1175 3199 1208 3248 tae
1220 3201 1334 3257 meatus,
1353 3190 1386 3245 de
1400 3204 1454 3258 qno
1466 3188 1510 3244 bic
1524 3202 1614 3244 sermo
1636 3196 1689 3253 est,
1712 3186 1746 3241 de.
1762 3186 1813 3242 sub
1829 3193 1903 3240 terra
1923 3183 1967 3240 in·

330 3274 384 3332 teia
396 3275 483 3333 conici
499 3285 599 3347 queant
616 3275 656 3333 rel
674 3277 843 3348 praecipitata
857 3278 973 3347 desuper
991 3291 1120 3333 saxorum
1174 3291 1272 3339 ventus
1281 3284 1328 3338 sit.
1343 3282 1536 3351 Situsquoqne
1548 3280 1598 3335 loci
1612 3278 1738 3346 qrramris
1750 3292 1783 3333 et
1799 3276 1966 3348 antiquitate

329 3368 466 3425 volumina
486 3384 539 3424 uon
554 3367 655 3424 timeri.
687 3364 820 3438 Oppidani
850 3379 942 3424 antem
963 3368 1008 3425 ubi
1023 3367 1294 3439 exani-emutatus
1312 3372 1359 3438 sit,
1390 3380 1481 3426 tamen
1509 3370 1546 3425 ita
1578 3367 1663 3424 luisse
1687 3366 1779 3423 utlric
1801 3366 1968 3424 describitur
2078 3365 2080 3370 '

330 3460 400 3517 mari
416 3461 460 3518 siti
479 3475 534 3518 non
552 3463 639 3518 solum
653 3474 754 3532 pecora
766 3476 827 3528 sua,
840 3476 934 3516 rernm
946 3461 1029 3516 etiam
1046 3460 1123 3515 iuiir·
1174 3465 1261 3521 oculis
1274 3464 1473 3521 conicientibus
1496 3461 1576 3518 iaciie
1599 3468 1686 3531 patet.
1707 3459 1785 3517 Tunc
1801 3459 1873 3515 istud
1888 3458 1968 3529 oppi-

328 3552 433 3611 mloret
445 3552 587 3610 bominum
600 3564 696 3611 etates
708 3554 925 3625 rident,cuppas
939 3554 999 3625 pice
1014 3553 1122 3611 soero¹⁸
1174 3561 1237 3613 dmn
1257 3558 1428 3614 veludunum
1454 3563 1502 3611 aut
1531 3554 1705 3610 l'eredunuur
1721 3561 1749 3607 et
1763 3551 1807 3607 iric
1820 3561 1849 3607 et
1864 3552 1891 3608 iu
1906 3548 1970 3606 aliia

328 3644 505 3703 etsciudulis
532 3645 649 3719 replent.
678 3644 717 3702 bc
747 3644 847 3702 deiude
874 3644 983 3702 iurnriso
1009 3647 1071 3716 igue
1094 3646 1121 3700 in
1174 3652 1348 3720 antiquorum
1364 3649 1474 3719 seriptis
1489 3659 1612 3703 roratum
1629 3646 1796 3711 invenimus,
1811 3645 1883 3700 uude
1896 3658 1968 3699 nuuc

328 3754 416 3809 prona
430 3741 614 3810 praecipitant,
640 3756 742 3811 easque
764 3742 814 3812 ipsi
839 3749 898 3797 toto
925 3739 1026 3811 oppido
1041 3737 1121 3794 effusi
1175 3759 1273 3800 nomeu
1293 3741 1406 3798 l'irdnui
1436 3742 1577 3797 remansit.
1606 3740 1673 3795 Nam
1695 3743 1779 3796 etism
1801 3737 1969 3803 Antoninus,

328 3839 493 3897 sequuntur.
509 3830 676 3888 Ardentibus
697 3834 842 3898 maeltiuis,
869 3848 931 3889 cum
945 3847 1030 3903 grarc
1046 3843 1121 3900 proe·
1174 3837 1265 3892 socius
1282 3834 1399 3890 Caesaris
1415 3833 1486 3905 (23),
1504 3833 1530 3887 in
1554 3849 1603 3889 suo
1627 3832 1774 3888 itinerario
1786 3832 1809 3864 ¹¹
1828 3830 1897 3901 (iil.
1919 3829 1967 3886 obi

328 3921 397 3980 lium
418 3921 476 3981 ruis
490 3922 584 3980 Caesar
598 3940 630 3982 ac
651 3925 834 3996 periculosum
854 3924 971 3991 rideret,
994 3925 1122 3981 cobortes
1174 3926 1256 3982 urbes
1270 3926 1367 3995 oppida
1392 3935 1422 3981 et
1447 3924 1610 3995 municipia,
1635 3939 1685 3994 per
1707 3938 1767 3993 quae
1794 3922 1967 3993 publicarum

329 4015 488 4072 incircuitu
505 4014 596 4086 oppidi
610 4018 649 4073 ire
666 4015 796 4073 uelociter
815 4017 931 4085 imperat
947 4024 1028 4086 atque
1044 4009 1122 4070 uu'di·
1174 4020 1279 4074 riarrtm
1296 4028 1400 4073 tractus
1411 4002 1564 4080 icrcbatur,
1574 4015 1741 4082 dinumerat,
1758 4014 1811 4069 boc
1836 4012 1969 4084 oppidum

328 4108 488 4181 quesubito
508 4118 613 4166 tartum
637 4109 786 4166 clamorem
810 4108 945 4165 attollere.
970 4093 1030 4177 Quo
1049 4107 1123 4165 lacto
1174 4113 1349 4170 verodunum
1362 4120 1482 4167 castrum
1497 4107 1758 4165 rocareinrenitor.

328 4202 498 4258 consternati
510 4202 650 4278 oppidani,
666 4202 730 4258 dunt
744 4216 886 4259 recurrere
899 4204 933 4257 ad
945 4200 1121 4257 muniendum
1210 4203 1366 4260 iocabatur
1381 4210 1408 4258 et
1426 4202 1493 4258 urbs
1517 4201 1676 4267 Clarorum,
1704 4198 1776 4271 quod
1802 4198 1845 4254 rel
1870 4212 1968 4252 murus

278 4301 284 4309 '
328 4292 458 4366 oppidum
473 4294 581 4359 rumne.
599 4296 634 4353 ab
655 4296 858 4366 oppugnatione
876 4294 961 4352 tuerit
981 4303 1008 4352 et
1024 4293 1120 4351 demo·
1173 4297 1232 4367 eius
1248 4297 1371 4354 clavatus
1387 4295 1474 4350 luisse
1490 4292 1559 4366 (25),
1575 4292 1617 4348 rei
1629 4293 1701 4364 quod
1716 4292 1841 4363 equardant
1857 4288 1969 4347 bostiiia

327 4385 424 4443 litiotte
436 4388 544 4459 aggeris
568 4399 752 4447 recesserunt.
774 4386 813 4444 itti
835 4397 925 4445 tamen
939 4388 986 4459 qui
1003 4387 1038 4444 ad
1052 4386 1123 4443 inci·
1174 4390 1280 4446 obsidio
1295 4388 1379 4445 claris
1394 4385 1519 4443 terreisa
1540 4386 1647 4441 uiribus
1666 4393 1746 4439 extra
1765 4381 1896 4453 projectis
1911 4380 1965 4435 iut·
2066 4424 2070 4433 .

327 4479 433 4535 detrdas
447 4478 531 4536 iorrtis
545 4496 628 4538 renas
641 4481 692 4538 sub
704 4482 817 4538 obtentu
837 4480 946 4553 aggeris
968 4480 1018 4535 tuti
1043 4479 1122 4535 cutti-
1173 4483 1265 4555 peditat
1290 4482 1374 4538 inisse
1391 4491 1418 4536 et
1440 4482 1477 4535 ita
1499 4480 1587 4536 solnta
1601 4477 1624 4511 ⁸⁸
1638 4477 1799 4534 discess'sso
1815 4476 1849 4530 ab
1868 4475 1966 4531 urbca
2007 4531 2014 4544 ‚

328 4560 407 4628 cuio⁰s
422 4570 622 4643 perfodiebant,
648 4582 771 4644 repertos
798 4575 824 4629 in
843 4574 972 4629 abstruso
988 4587 1121 4644 aquarum
1174 4572 1337 4645 quibusdam
1356 4579 1495 4627 narretur.
1515 4570 1648 4638 Quamuis
1664 4568 1769 4624 incolas
1793 4565 1846 4623 ioci
1865 4563 1969 4621 clabos

329 4672 436 4720 tueatur
451 4681 499 4735 per
522 4667 605 4723 multa
620 4668 768 4725 dividendo
782 4668 890 4723 tenuari
916 4667 945 4723 in
966 4665 1120 4737 semetipsis
1175 4666 1327 4737 urbemque
1351 4663 1511 4719 Claboniam
1527 4661 1568 4718 rel
1581 4660 1703 4719 Ciabiarn
1727 4657 1867 4733 gentiliter
1881 4656 1969 4711 luisse

328 4754 509 4825 constantique
520 4756 653 4813 iecerunt.
666 4758 812 4829 Oppidani,
827 4758 904 4815 ionle
920 4758 1035 4822 siccato,
1053 4758 1118 4814 ulti·
1137 4723 1297 4813 1’trocataru
1323 4756 1443 4827 vulgaris
1458 4754 1550 4824 opinio
1563 4755 1609 4809 sit.
1626 4754 1679 4809 Sed
1690 4752 1713 4785 ⁸⁸
1725 4761 1754 4807 ut
1769 4760 1860 4806 cetera
1880 4746 1966 4803 betto·

308 4920 311 4924 .
328 4857 373 4897 tna
389 4846 509 4914 correpti
520 4846 751 4916 ”desperatione
769 4849 934 4905 deditionem
949 4847 990 4903 sui
1002 4846 1119 4904 iaciunt.
1170 4863 1232 4904 rum
1242 4848 1421 4911 tuouimenta,
1434 4844 1567 4916 quaebttic
1578 4843 1674 4915 oppido
1686 4841 1842 4899 incubuisse
1853 4838 1966 4900 sciurus.

327 4934 422 4992 earar
442 4947 536 4994 autent
561 4942 688 4998 omuibus
710 4942 757 5014 qui
783 4957 860 4999 arma
885 4943 1004 5000 tulerant
1024 4957 1121 5000 uranus
1171 4955 1350 4998 numeremus
1363 4958 1370 4995 :
1384 4940 1435 4996 sub
1449 4938 1584 4994 blartiauo
1601 4937 1623 4970 ’⁸
1640 4936 1818 5007 imperatore,
1835 4934 1870 4990 ab
1883 4931 1967 4987 Attila

327 5026 441 5083 sustulit
458 5037 485 5085 et
499 5031 584 5086 vitam
605 5032 724 5104 reliquit,
745 5049 800 5103 quo
815 5034 941 5090 testatior
951 5045 1026 5090 essct
1036 5034 1120 5089 etiam
1173 5046 1237 5104 rege
1251 5032 1401 5099 iiunorum,
1415 5031 1462 5102 qui
1473 5044 1570 5086 onmes
1583 5029 1686 5085 Gallias
1698 5037 1727 5082 ut
1742 5023 1889 5098 singularis
1900 5037 1968 5092 aper

329 5117 449 5186 posteris
461 5134 542 5189 poena
556 5121 751 5193 improborum.
768 5122 881 5179 linitum
902 5124 974 5180 enim
992 5124 1025 5179 ad
1047 5138 1124 5179 coer·
1173 5126 1207 5182 dc
1219 5126 1287 5182 silea
1301 5125 1464 5187 devastarit,
1486 5123 1539 5178 ista
1556 5122 1621 5176 urbs
1645 5130 1673 5176 et
1693 5115 1915 5175 ecclcsiaeaciaa
1939 5121 1968 5171 et
2014 5145 2017 5150 ·

328 5207 447 5267 cendant
476 5213 618 5270 audaciam
658 5216 732 5272 raiet
765 5217 933 5288 propositum
972 5215 1125 5281 punitionis
1174 5230 1270 5271 eversa
1303 5216 1425 5284 protecto
1451 5214 1582 5269 ereditur.
1610 5211 1669 5277 Quo
1694 5215 1816 5280 tempore
1839 5213 1967 5261 taucttmr

967 5372 1085 5430 VARiAE
1103 5370 1305 5427 becitoubs.

368 5505 720 5577 '’carirritrmi.etin[ru.
760 5508 783 5539 '⁶
796 5523 818 5563 s.
836 5508 855 5563 i.
874 5508 897 5563 l.
936 5505 1314 5573 ''ite2.r'rrl.lruurlpntet.
1353 5506 1729 5588 ’'itn2.inl.iroudpatrt.
1763 5502 1906 5557 ”tianius
1939 5499 1964 5553 l.

330 5576 433 5633 “ree
483 5578 695 5645 ²⁸quornouoi.
733 5579 960 5661 ’lcormsepoz
1016 5576 1165 5661 ’ζειαὶ
1212 5577 1318 5702 ”s'g'
1339 5578 1364 5632 l.
1406 5577 1592 5679 ”deert'i-n.
1615 5573 1864 5660 attttquttusiiil
1900 5569 1966 5630 ”e-

331 5648 481 5703 uodesl.
519 5647 620 5705 ”tero
640 5649 781 5718 portodd.
801 5650 830 5704 2.
869 5649 891 5682 ¹¹
913 5648 1103 5706 ttetreractoi.
1143 5648 1274 5704 ”astus
1306 5689 1313 5703 .
1345 5647 1480 5717 ,³⁵Set2.
1532 5646 1770 5703 'marttutauob

1101 5738 1216 5832 norm.

368 5915 477 6000 (et-etl
493 5915 572 5986 Quod
589 5917 664 5977 onmi
682 5917 734 5975 ilde
748 5934 855 5987 carere,
878 5929 952 5976 reete
965 5937 1052 5993 nuper
1067 5937 1123 5979 nto·
1177 5918 1216 5973 ris
1233 5916 1406 5975 itinerarium
1422 5928 1565 5999 perperam
1580 5912 1737 5968 ascribitur.

331 5999 390 6045 ttuu
402 5988 499 6045 Ciortet
517 5987 536 6048 l.
552 5988 570 6044 l.
585 5990 606 6050 l.
623 6006 649 6060 p.
665 5989 711 6045 itt.
1212 5987 1269 6055 (el)
1289 5987 1340 6043 bd.
1361 5985 1508 6059 wessebng
1527 6000 1555 6058 p.
1570 5982 1634 6039 etti.
1659 6031 1662 6036 .

369 6056 429 6126 tibi
446 6058 564 6120 Antonio
578 6060 695 6120 Ceratis
709 6059 808 6134 aetqttaii
827 6060 956 6122 Antonini
972 6062 1130 6134 imperato·¹
1212 6058 1269 6132 (²5)
1289 6060 1332 6118 et.
1349 6051 1426 6132 iiugo
1443 6052 1549 6115 ilarius
1568 6055 1589 6112 l.
1603 6054 1624 6115 l.
1636 6069 1663 6128 p.
1676 6054 1741 6112 m
