<?xml version="1.0" encoding="UTF-8"?>
<!DOCTYPE html PUBLIC "-//W3C//DTD XHTML 1.0 Transitional//EN"
    "http://www.w3.org/TR/xhtml1/DTD/xhtml1-transitional.dtd">
<html xmlns="http://www.w3.org/1999/xhtml" xml:lang="en" lang="en">
 <head>
  <title>
</title>
<meta http-equiv="Content-Type" content="text/html;charset=utf-8" />
  <meta name='ocr-system' content='tesseract 3.04.00' />
  <meta name='ocr-capabilities' content='ocr_page ocr_carea ocr_par ocr_line ocrx_word'/>
</head>
<body>
  <div class='ocr_page' id='page_1' title='image "./patrologiaecurs97unkngoog_0603.png"; bbox 0 0 4584 6767; ppageno 0'>
   <div class='ocr_carea' id='block_1_1' title="bbox 266 3657 1144 3734">
    <p class='ocr_par' dir='ltr' id='par_1_1' title="bbox 266 3657 1144 3734">
     <span class='ocr_line' id='line_1_1' title="bbox 266 3657 1144 3734; baseline -0.005 -22"><span class='ocrx_word' id='word_1_1' title='bbox 266 3730 269 3734; x_wconf 27' lang='grc' dir='ltr'>Ι</span> <span class='ocrx_word' id='word_1_2' title='bbox 349 3660 486 3715; x_wconf 76' lang='lat' dir='ltr'><strong>attribuit.</strong></span> <span class='ocrx_word' id='word_1_3' title='bbox 513 3658 581 3714; x_wconf 89' lang='lat' dir='ltr'><strong>Nam</strong></span> <span class='ocrx_word' id='word_1_4' title='bbox 608 3657 751 3729; x_wconf 74' lang='lat' dir='ltr'><strong>presbyter</strong></span> <span class='ocrx_word' id='word_1_5' title='bbox 775 3657 880 3713; x_wconf 84' lang='lat' dir='ltr'><strong>iaciens</strong></span> <span class='ocrx_word' id='word_1_6' title='bbox 904 3658 1040 3727; x_wconf 85' lang='lat' dir='ltr'><strong>judicium</strong></span> <span class='ocrx_word' id='word_1_7' title='bbox 1067 3670 1144 3725; x_wconf 88' lang='lat' dir='ltr'><strong>prnrs</strong></span> 
     </span>
    </p>
   </div>
   <div class='ocr_carea' id='block_1_2' title="bbox 325 554 398 610">
    <p class='ocr_par' dir='ltr' id='par_1_2' title="bbox 325 554 398 610">
     <span class='ocr_line' id='line_1_2' title="bbox 325 554 398 610; baseline -0.027 0"><span class='ocrx_word' id='word_1_8' title='bbox 325 554 398 610; x_wconf 77' lang='lat' dir='ltr'><strong>itta</strong></span> 
     </span>
    </p>
   </div>
   <div class='ocr_carea' id='block_1_3' title="bbox 863 513 1522 615">
    <p class='ocr_par' dir='ltr' id='par_1_3' title="bbox 863 513 1522 615">
     <span class='ocr_line' id='line_1_3' title="bbox 863 513 1522 615; baseline 0.003 -13"><span class='ocrx_word' id='word_1_9' title='bbox 863 546 892 602; x_wconf 90' lang='grc' dir='ltr'><strong>ι.</strong></span> <span class='ocrx_word' id='word_1_10' title='bbox 915 544 1086 601; x_wconf 77' lang='lat' dir='ltr'><strong>sternam</strong></span> <span class='ocrx_word' id='word_1_11' title='bbox 1108 544 1443 615; x_wconf 77' lang='lat' dir='ltr'><strong>suanoruouruusrs</strong></span> <span class='ocrx_word' id='word_1_12' title='bbox 1514 513 1522 532; x_wconf 75' lang='lat'>&#39;</span> 
     </span>
    </p>
   </div>
   <div class='ocr_carea' id='block_1_4' title="bbox 233 660 2032 826">
    <p class='ocr_par' dir='ltr' id='par_1_4' title="bbox 233 660 2032 826">
     <span class='ocr_line' id='line_1_4' title="bbox 323 660 2032 747; baseline -0.005 -23"><span class='ocrx_word' id='word_1_13' title='bbox 323 668 441 725; x_wconf 86' lang='lat' dir='ltr'><strong>stionem</strong></span> <span class='ocrx_word' id='word_1_14' title='bbox 470 665 605 734; x_wconf 83' lang='lat' dir='ltr'><strong>attingere</strong></span> <span class='ocrx_word' id='word_1_15' title='bbox 627 663 730 747; x_wconf 64' lang='lat' dir='ltr'><strong>possin</strong></span> <span class='ocrx_word' id='word_1_16' title='bbox 754 661 868 732; x_wconf 69' lang='lat' dir='ltr'><strong>Utrane</strong></span> <span class='ocrx_word' id='word_1_17' title='bbox 889 662 962 715; x_wconf 86' lang='lat' dir='ltr'><strong>eninr</strong></span> <span class='ocrx_word' id='word_1_18' title='bbox 987 675 1115 715; x_wconf 87' lang='lat' dir='ltr'><strong>neeessa-</strong></span> <span class='ocrx_word' id='word_1_19' title='bbox 1130 663 1153 719; x_wconf 72' lang='grc' dir='ltr'><strong>Α</strong></span> <span class='ocrx_word' id='word_1_20' title='bbox 1166 665 1256 716; x_wconf 82' lang='lat' dir='ltr'><strong>autom</strong></span> <span class='ocrx_word' id='word_1_21' title='bbox 1272 663 1360 719; x_wconf 88' lang='lat' dir='ltr'><strong>bonus</strong></span> <span class='ocrx_word' id='word_1_22' title='bbox 1375 666 1463 733; x_wconf 88' lang='lat' dir='ltr'><strong>plorat</strong></span> <span class='ocrx_word' id='word_1_23' title='bbox 1475 662 1585 734; x_wconf 61' lang='lat' dir='ltr'><strong>gaudio,</strong></span> <span class='ocrx_word' id='word_1_24' title='bbox 1599 672 1627 720; x_wconf 91' lang='lat' dir='ltr'><strong>ct</strong></span> <span class='ocrx_word' id='word_1_25' title='bbox 1638 663 1783 720; x_wconf 74' lang='lat' dir='ltr'>dulcedine</span> <span class='ocrx_word' id='word_1_26' title='bbox 1800 660 1964 733; x_wconf 86' lang='lat' dir='ltr'><strong>aliquando.</strong></span> <span class='ocrx_word' id='word_1_27' title='bbox 2031 684 2032 693; x_wconf 31' lang='grc' dir='ltr'><strong>ι</strong></span> 
     </span>
     <span class='ocr_line' id='line_1_5' title="bbox 233 750 1966 826; baseline -0.002 -13"><span class='ocrx_word' id='word_1_28' title='bbox 233 790 243 813; x_wconf 73' lang='lat'><em>0</em></span> <span class='ocrx_word' id='word_1_29' title='bbox 324 759 397 815; x_wconf 88' lang='lat' dir='ltr'><strong>rium</strong></span> <span class='ocrx_word' id='word_1_30' title='bbox 420 764 462 812; x_wconf 86' lang='lat' dir='ltr'><strong>est</strong></span> <span class='ocrx_word' id='word_1_31' title='bbox 481 764 510 810; x_wconf 93' lang='grc' dir='ltr'><strong>ιι</strong></span> <span class='ocrx_word' id='word_1_32' title='bbox 531 754 657 809; x_wconf 89' lang='lat' dir='ltr'><strong>comedat</strong></span> <span class='ocrx_word' id='word_1_33' title='bbox 671 765 725 808; x_wconf 85' lang='lat' dir='ltr'><strong>tam</strong></span> <span class='ocrx_word' id='word_1_34' title='bbox 739 754 849 824; x_wconf 88' lang='lat' dir='ltr'><strong>corpori</strong></span> <span class='ocrx_word' id='word_1_35' title='bbox 862 768 945 824; x_wconf 81' lang='lat' dir='ltr'><strong>urmnr</strong></span> <span class='ocrx_word' id='word_1_36' title='bbox 968 754 1118 816; x_wconf 84' lang='lat' dir='ltr'><strong>animae,et</strong></span> <span class='ocrx_word' id='word_1_37' title='bbox 1168 750 1255 808; x_wconf 85' lang='lat' dir='ltr'><strong>llalus</strong></span> <span class='ocrx_word' id='word_1_38' title='bbox 1271 770 1337 810; x_wconf 85' lang='lat' dir='ltr'><strong>reno</strong></span> <span class='ocrx_word' id='word_1_39' title='bbox 1363 755 1476 811; x_wconf 89' lang='lat' dir='ltr'><strong>minime</strong></span> <span class='ocrx_word' id='word_1_40' title='bbox 1498 756 1557 810; x_wconf 87' lang='lat' dir='ltr'><strong>rult</strong></span> <span class='ocrx_word' id='word_1_41' title='bbox 1569 756 1660 826; x_wconf 83' lang='lat' dir='ltr'><strong>egredi</strong></span> <span class='ocrx_word' id='word_1_42' title='bbox 1681 756 1715 811; x_wconf 89' lang='lat' dir='ltr'><strong>de</strong></span> <span class='ocrx_word' id='word_1_43' title='bbox 1729 755 1917 811; x_wconf 75' lang='lat' dir='ltr'><strong>tribulatione</strong></span> <span class='ocrx_word' id='word_1_44' title='bbox 1940 755 1966 811; x_wconf 94' lang='lat' dir='ltr'><strong>iu</strong></span> 
     </span>
    </p>
   </div>
   <div class='ocr_carea' id='block_1_5' title="bbox 324 843 1117 997">
    <p class='ocr_par' dir='ltr' id='par_1_5' title="bbox 324 843 1117 997">
     <span class='ocr_line' id='line_1_6' title="bbox 324 843 1117 915; baseline -0.009 -11"><span class='ocrx_word' id='word_1_45' title='bbox 324 858 453 904; x_wconf 90' lang='lat' dir='ltr'><strong>nentrum</strong></span> <span class='ocrx_word' id='word_1_46' title='bbox 469 845 516 901; x_wconf 89' lang='lat' dir='ltr'><strong>diu</strong></span> <span class='ocrx_word' id='word_1_47' title='bbox 530 846 603 900; x_wconf 84' lang='lat' dir='ltr'><strong>ualet</strong></span> <span class='ocrx_word' id='word_1_48' title='bbox 612 845 704 900; x_wconf 83' lang='lat' dir='ltr'><strong>uiuere</strong></span> <span class='ocrx_word' id='word_1_49' title='bbox 716 853 862 915; x_wconf 83' lang='lat' dir='ltr'><strong>postquam</strong></span> <span class='ocrx_word' id='word_1_50' title='bbox 876 844 901 899; x_wconf 91' lang='lat' dir='ltr'><strong>ei</strong></span> <span class='ocrx_word' id='word_1_51' title='bbox 911 844 991 899; x_wconf 87' lang='lat' dir='ltr'><strong>cibus</strong></span> <span class='ocrx_word' id='word_1_52' title='bbox 1005 843 1117 900; x_wconf 91' lang='lat' dir='ltr'><strong>omnino</strong></span> 
     </span>
     <span class='ocr_line' id='line_1_7' title="bbox 324 941 426 997; baseline -0.02 0"><span class='ocrx_word' id='word_1_53' title='bbox 324 941 426 997; x_wconf 80' lang='lat' dir='ltr'><strong>delicit.</strong></span> 
     </span>
    </p>
   </div>
   <div class='ocr_carea' id='block_1_6' title="bbox 306 1025 1118 1167">
    <p class='ocr_par' dir='ltr' id='par_1_6' title="bbox 306 1025 1118 1167">
     <span class='ocr_line' id='line_1_8' title="bbox 324 1025 1118 1099; baseline -0.011 -11"><span class='ocrx_word' id='word_1_54' title='bbox 324 1031 391 1088; x_wconf 79' lang='lat' dir='ltr'><strong>Car.</strong></span> <span class='ocrx_word' id='word_1_55' title='bbox 409 1029 516 1086; x_wconf 77' lang='lat' dir='ltr'><strong>brixii.</strong></span> <span class='ocrx_word' id='word_1_56' title='bbox 526 1060 563 1070; x_wconf 93' lang='lat'>-</span> <span class='ocrx_word' id='word_1_57' title='bbox 579 1029 616 1085; x_wconf 84' lang='lat' dir='ltr'><strong>lle</strong></span> <span class='ocrx_word' id='word_1_58' title='bbox 628 1028 829 1099; x_wconf 78' lang='lat' dir='ltr'><strong>inaequaliter,</strong></span> <span class='ocrx_word' id='word_1_59' title='bbox 841 1028 965 1098; x_wconf 72' lang='lat' dir='ltr'><strong><em>qualiter,</em></strong></span> <span class='ocrx_word' id='word_1_60' title='bbox 978 1025 1016 1081; x_wconf 84' lang='lat' dir='ltr'><strong>nel</strong></span> <span class='ocrx_word' id='word_1_61' title='bbox 1027 1042 1118 1097; x_wconf 76' lang='lat' dir='ltr'><strong>quem-</strong></span> 
     </span>
     <span class='ocr_line' id='line_1_9' title="bbox 306 1095 851 1167; baseline -0.011 -10"><span class='ocrx_word' id='word_1_62' title='bbox 306 1103 318 1114; x_wconf 84' lang='grc'><strong>’</strong></span> <span class='ocrx_word' id='word_1_63' title='bbox 613 1129 616 1134; x_wconf 90' lang='grc'><strong>-</strong></span> <span class='ocrx_word' id='word_1_64' title='bbox 636 1095 851 1167; x_wconf 68' lang='lat' dir='ltr'><strong>adrnoduru&#39;fiot.</strong></span> 
     </span>
    </p>
   </div>
   <div class='ocr_carea' id='block_1_7' title="bbox 329 1187 1120 1631">
    <p class='ocr_par' dir='ltr' id='par_1_7' title="bbox 329 1187 1120 1631">
     <span class='ocr_line' id='line_1_10' title="bbox 364 1187 1119 1262; baseline -0.008 -15"><span class='ocrx_word' id='word_1_65' title='bbox 364 1194 390 1248; x_wconf 88' lang='lat' dir='ltr'><strong>l.</strong></span> <span class='ocrx_word' id='word_1_66' title='bbox 411 1191 503 1246; x_wconf 90' lang='lat' dir='ltr'><strong>llultis</strong></span> <span class='ocrx_word' id='word_1_67' title='bbox 531 1191 664 1260; x_wconf 80' lang='lat' dir='ltr'><strong>exemplis</strong></span> <span class='ocrx_word' id='word_1_68' title='bbox 692 1191 809 1262; x_wconf 81' lang='lat' dir='ltr'><strong>quisque</strong></span> <span class='ocrx_word' id='word_1_69' title='bbox 828 1198 920 1261; x_wconf 82' lang='lat' dir='ltr'><strong>posset</strong></span> <span class='ocrx_word' id='word_1_70' title='bbox 947 1187 1119 1242; x_wconf 85' lang='lat' dir='ltr'><strong>animaduer-</strong></span> 
     </span>
     <span class='ocr_line' id='line_1_11' title="bbox 330 1279 1119 1353; baseline -0.009 -14"><span class='ocrx_word' id='word_1_71' title='bbox 330 1294 387 1340; x_wconf 85' lang='lat' dir='ltr'><strong>tere</strong></span> <span class='ocrx_word' id='word_1_72' title='bbox 400 1301 407 1349; x_wconf 85' lang='lat'>;</span> <span class='ocrx_word' id='word_1_73' title='bbox 421 1283 533 1353; x_wconf 72' lang='lat' dir='ltr'><strong>guillam</strong></span> <span class='ocrx_word' id='word_1_74' title='bbox 545 1283 618 1337; x_wconf 91' lang='lat' dir='ltr'><strong>euim</strong></span> <span class='ocrx_word' id='word_1_75' title='bbox 633 1282 754 1337; x_wconf 87' lang='lat' dir='ltr'><strong>radendo</strong></span> <span class='ocrx_word' id='word_1_76' title='bbox 777 1282 881 1336; x_wconf 91' lang='lat' dir='ltr'><strong>bonum</strong></span> <span class='ocrx_word' id='word_1_77' title='bbox 902 1296 984 1335; x_wconf 90' lang='lat' dir='ltr'><strong>suum</strong></span> <span class='ocrx_word' id='word_1_78' title='bbox 1000 1279 1119 1334; x_wconf 86' lang='lat' dir='ltr'><strong>metiun-</strong></span> 
     </span>
     <span class='ocr_line' id='line_1_12' title="bbox 330 1372 1120 1447; baseline -0.006 -15"><span class='ocrx_word' id='word_1_79' title='bbox 330 1390 385 1442; x_wconf 80' lang='lat' dir='ltr'><strong>tur,</strong></span> <span class='ocrx_word' id='word_1_80' title='bbox 399 1376 509 1447; x_wconf 85' lang='lat' dir='ltr'><strong>qnidam</strong></span> <span class='ocrx_word' id='word_1_81' title='bbox 523 1385 614 1430; x_wconf 89' lang='lat' dir='ltr'><strong>autem</strong></span> <span class='ocrx_word' id='word_1_82' title='bbox 632 1375 816 1441; x_wconf 78' lang='lat' dir='ltr'>accumulant,</span> <span class='ocrx_word' id='word_1_83' title='bbox 835 1373 1053 1429; x_wconf 84' lang='lat' dir='ltr'><strong>trorrnullietiam</strong></span> <span class='ocrx_word' id='word_1_84' title='bbox 1072 1372 1120 1427; x_wconf 90' lang='lat' dir='ltr'><strong>ad·</strong></span> 
     </span>
     <span class='ocr_line' id='line_1_13' title="bbox 329 1465 1119 1538; baseline -0.008 -14"><span class='ocrx_word' id='word_1_85' title='bbox 329 1469 478 1524; x_wconf 86' lang='lat' dir='ltr'><strong>ditanrenta</strong></span> <span class='ocrx_word' id='word_1_86' title='bbox 493 1477 607 1538; x_wconf 91' lang='lat' dir='ltr'><strong>ponunt.</strong></span> <span class='ocrx_word' id='word_1_87' title='bbox 622 1468 738 1534; x_wconf 81' lang='lat' dir='ltr'>Quando</span> <span class='ocrx_word' id='word_1_88' title='bbox 767 1467 871 1536; x_wconf 76' lang='lat' dir='ltr'><strong>lionam</strong></span> <span class='ocrx_word' id='word_1_89' title='bbox 894 1468 924 1522; x_wconf 89' lang='lat' dir='ltr'><strong>lit</strong></span> <span class='ocrx_word' id='word_1_90' title='bbox 945 1465 1119 1531; x_wconf 85' lang='lat' dir='ltr'><strong>retrahendo,</strong></span> 
     </span>
     <span class='ocr_line' id='line_1_14' title="bbox 330 1545 1120 1631; baseline -0.004 -15"><span class='ocrx_word' id='word_1_91' title='bbox 330 1576 382 1616; x_wconf 90' lang='lat' dir='ltr'><strong>nec</strong></span> <span class='ocrx_word' id='word_1_92' title='bbox 396 1576 458 1615; x_wconf 91' lang='lat' dir='ltr'><strong>cum</strong></span> <span class='ocrx_word' id='word_1_93' title='bbox 473 1576 569 1631; x_wconf 86' lang='lat' dir='ltr'><strong>magna</strong></span> <span class='ocrx_word' id='word_1_94' title='bbox 594 1545 746 1623; x_wconf 79' lang='grc' dir='ltr'><strong>ιιοιιιιιιιι,1</strong></span> <span class='ocrx_word' id='word_1_95' title='bbox 772 1569 837 1614; x_wconf 90' lang='lat' dir='ltr'><strong>tunc</strong></span> <span class='ocrx_word' id='word_1_96' title='bbox 852 1559 881 1613; x_wconf 86' lang='lat' dir='ltr'><strong>bt</strong></span> <span class='ocrx_word' id='word_1_97' title='bbox 896 1559 1018 1613; x_wconf 84' lang='lat' dir='ltr'><strong>radendo</strong></span> <span class='ocrx_word' id='word_1_98' title='bbox 1034 1576 1041 1626; x_wconf 92' lang='lat'><strong>;</strong></span> <span class='ocrx_word' id='word_1_99' title='bbox 1057 1574 1120 1615; x_wconf 88' lang='lat' dir='ltr'><strong>curn</strong></span> 
     </span>
    </p>
   </div>
   <div class='ocr_carea' id='block_1_8' title="bbox 230 1650 1121 1723">
    <p class='ocr_par' dir='ltr' id='par_1_8' title="bbox 230 1650 1121 1723">
     <span class='ocr_line' id='line_1_15' title="bbox 230 1650 1121 1723; baseline -0.004 -14"><span class='ocrx_word' id='word_1_100' title='bbox 230 1668 234 1675; x_wconf 82' lang='grc'>’</span> <span class='ocrx_word' id='word_1_101' title='bbox 331 1668 401 1723; x_wconf 86' lang='lat' dir='ltr'><strong>opus</strong></span> <span class='ocrx_word' id='word_1_102' title='bbox 414 1653 517 1707; x_wconf 92' lang='lat' dir='ltr'><strong>bonnm</strong></span> <span class='ocrx_word' id='word_1_103' title='bbox 533 1651 631 1722; x_wconf 88' lang='lat' dir='ltr'><strong>placet,</strong></span> <span class='ocrx_word' id='word_1_104' title='bbox 648 1653 756 1721; x_wconf 89' lang='lat' dir='ltr'><strong>placere</strong></span> <span class='ocrx_word' id='word_1_105' title='bbox 770 1660 797 1706; x_wconf 89' lang='grc' dir='ltr'><strong>ιι</strong></span> <span class='ocrx_word' id='word_1_106' title='bbox 820 1650 951 1706; x_wconf 86' lang='lat' dir='ltr'><strong>delectari</strong></span> <span class='ocrx_word' id='word_1_107' title='bbox 966 1659 1010 1706; x_wconf 85' lang='lat' dir='ltr'><strong>est</strong></span> <span class='ocrx_word' id='word_1_108' title='bbox 1021 1666 1121 1712; x_wconf 90' lang='lat' dir='ltr'><strong>cumu-</strong></span> 
     </span>
    </p>
   </div>
   <div class='ocr_carea' id='block_1_9' title="bbox 332 1741 1123 1818">
    <p class='ocr_par' dir='ltr' id='par_1_9' title="bbox 332 1741 1123 1818">
     <span class='ocr_line' id='line_1_16' title="bbox 332 1741 1123 1818; baseline -0.003 -20"><span class='ocrx_word' id='word_1_109' title='bbox 332 1745 376 1801; x_wconf 83' lang='lat' dir='ltr'><strong>lus</strong></span> <span class='ocrx_word' id='word_1_110' title='bbox 388 1742 461 1818; x_wconf 86' lang='lat' dir='ltr'><strong>boui.</strong></span> <span class='ocrx_word' id='word_1_111' title='bbox 477 1742 541 1798; x_wconf 85' lang='lat' dir='ltr'><strong>ltcur</strong></span> <span class='ocrx_word' id='word_1_112' title='bbox 566 1743 707 1798; x_wconf 91' lang='lat' dir='ltr'><strong>nonnullis</strong></span> <span class='ocrx_word' id='word_1_113' title='bbox 723 1745 758 1797; x_wconf 91' lang='lat' dir='ltr'><strong>ob</strong></span> <span class='ocrx_word' id='word_1_114' title='bbox 774 1746 827 1812; x_wconf 86' lang='lat' dir='ltr'><strong>maj</strong></span> <span class='ocrx_word' id='word_1_115' title='bbox 840 1758 905 1795; x_wconf 75' lang='lat' dir='ltr'><strong>:rear</strong></span> <span class='ocrx_word' id='word_1_116' title='bbox 927 1741 1123 1813; x_wconf 75' lang='lat' dir='ltr'><strong>perfectionem</strong></span> 
     </span>
    </p>
   </div>
   <div class='ocr_carea' id='block_1_10' title="bbox 1168 845 2032 1107">
    <p class='ocr_par' dir='ltr' id='par_1_10' title="bbox 1168 845 2032 1107">
     <span class='ocr_line' id='line_1_17' title="bbox 1168 845 1968 916; baseline 0.003 -17"><span class='ocrx_word' id='word_1_117' title='bbox 1168 849 1364 916; x_wconf 80' lang='lat' dir='ltr'><strong>qrraconsistit</strong></span> <span class='ocrx_word' id='word_1_118' title='bbox 1389 848 1426 903; x_wconf 90' lang='lat' dir='ltr'><strong>ita</strong></span> <span class='ocrx_word' id='word_1_119' title='bbox 1454 859 1484 903; x_wconf 92' lang='lat' dir='ltr'><strong>ut</strong></span> <span class='ocrx_word' id='word_1_120' title='bbox 1511 849 1666 914; x_wconf 78' lang='lat' dir='ltr'><strong>moriatur3</strong></span> <span class='ocrx_word' id='word_1_121' title='bbox 1684 848 1762 903; x_wconf 90' lang='lat' dir='ltr'><strong>timet</strong></span> <span class='ocrx_word' id='word_1_122' title='bbox 1788 846 1869 903; x_wconf 90' lang='lat' dir='ltr'><strong>enim</strong></span> <span class='ocrx_word' id='word_1_123' title='bbox 1893 855 1925 901; x_wconf 92' lang='lat' dir='ltr'><strong>ut</strong></span> <span class='ocrx_word' id='word_1_124' title='bbox 1941 845 1968 901; x_wconf 88' lang='lat' dir='ltr'><strong>iu</strong></span> 
     </span>
     <span class='ocr_line' id='line_1_18' title="bbox 1169 933 1970 1010; baseline -0.009 -11"><span class='ocrx_word' id='word_1_125' title='bbox 1169 942 1280 1001; x_wconf 89' lang='lat' dir='ltr'><strong>inierno</strong></span> <span class='ocrx_word' id='word_1_126' title='bbox 1292 942 1344 997; x_wconf 91' lang='lat' dir='ltr'><strong>sibi</strong></span> <span class='ocrx_word' id='word_1_127' title='bbox 1359 950 1492 1008; x_wconf 84' lang='lat' dir='ltr'><strong>augeatur</strong></span> <span class='ocrx_word' id='word_1_128' title='bbox 1505 940 1618 1010; x_wconf 70' lang='lat' dir='ltr'><strong>:justus</strong></span> <span class='ocrx_word' id='word_1_129' title='bbox 1643 933 1791 996; x_wconf 81' lang='lat' dir='ltr'><strong>autem&#39;ex</strong></span> <span class='ocrx_word' id='word_1_130' title='bbox 1818 936 1970 993; x_wconf 82' lang='lat' dir='ltr'><strong>dulcedine</strong></span> 
     </span>
     <span class='ocr_line' id='line_1_19' title="bbox 1169 1017 2032 1107; baseline -0.013 -17"><span class='ocrx_word' id='word_1_131' title='bbox 1169 1036 1197 1090; x_wconf 93' lang='lat' dir='ltr'><strong>in</strong></span> <span class='ocrx_word' id='word_1_132' title='bbox 1216 1050 1275 1107; x_wconf 71' lang='lat' dir='ltr'><strong>qua</strong></span> <span class='ocrx_word' id='word_1_133' title='bbox 1287 1044 1379 1087; x_wconf 85' lang='lat' dir='ltr'><strong>manet</strong></span> <span class='ocrx_word' id='word_1_134' title='bbox 1393 1047 1441 1101; x_wconf 91' lang='lat' dir='ltr'><strong>spe</strong></span> <span class='ocrx_word' id='word_1_135' title='bbox 1466 1032 1581 1099; x_wconf 83' lang='lat' dir='ltr'><strong>majoris</strong></span> <span class='ocrx_word' id='word_1_136' title='bbox 1606 1030 1726 1100; x_wconf 86' lang='lat' dir='ltr'><strong>migrare</strong></span> <span class='ocrx_word' id='word_1_137' title='bbox 1738 1028 1897 1092; x_wconf 82' lang='lat' dir='ltr'><strong>desiderat.</strong></span> <span class='ocrx_word' id='word_1_138' title='bbox 1918 1024 1972 1081; x_wconf 80' lang='lat' dir='ltr'><strong>ro·</strong></span> <span class='ocrx_word' id='word_1_139' title='bbox 2031 1017 2032 1094; x_wconf 73' lang='lat' dir='ltr'><strong>l</strong></span> 
     </span>
    </p>
   </div>
   <div class='ocr_carea' id='block_1_11' title="bbox 1144 1118 1974 1195">
    <p class='ocr_par' dir='ltr' id='par_1_11' title="bbox 1144 1118 1974 1195">
     <span class='ocr_line' id='line_1_20' title="bbox 1144 1118 1974 1195; baseline -0.014 -11"><span class='ocrx_word' id='word_1_140' title='bbox 1144 1127 1225 1183; x_wconf 84' lang='lat' dir='ltr'><strong>‘test</strong></span> <span class='ocrx_word' id='word_1_141' title='bbox 1239 1128 1322 1182; x_wconf 88' lang='lat' dir='ltr'><strong>ctiam</strong></span> <span class='ocrx_word' id='word_1_142' title='bbox 1345 1124 1538 1195; x_wconf 83' lang='lat' dir='ltr'><strong>unusquisque</strong></span> <span class='ocrx_word' id='word_1_143' title='bbox 1564 1122 1636 1179; x_wconf 88' lang='lat' dir='ltr'><strong>scire</strong></span> <span class='ocrx_word' id='word_1_144' title='bbox 1660 1122 1734 1191; x_wconf 82' lang='lat' dir='ltr'><strong>quod</strong></span> <span class='ocrx_word' id='word_1_145' title='bbox 1761 1134 1906 1190; x_wconf 84' lang='lat' dir='ltr'><strong>magnum</strong></span> <span class='ocrx_word' id='word_1_146' title='bbox 1921 1118 1974 1173; x_wconf 88' lang='lat' dir='ltr'><strong>erit</strong></span> 
     </span>
    </p>
   </div>
   <div class='ocr_carea' id='block_1_12' title="bbox 1170 1210 1978 1460">
    <p class='ocr_par' dir='ltr' id='par_1_12' title="bbox 1170 1210 1978 1460">
     <span class='ocr_line' id='line_1_21' title="bbox 1170 1210 1975 1291; baseline -0.012 -17"><span class='ocrx_word' id='word_1_147' title='bbox 1170 1219 1300 1291; x_wconf 90' lang='lat' dir='ltr'><strong>gaudium</strong></span> <span class='ocrx_word' id='word_1_148' title='bbox 1325 1215 1436 1288; x_wconf 86' lang='lat' dir='ltr'><strong>quando</strong></span> <span class='ocrx_word' id='word_1_149' title='bbox 1464 1214 1564 1269; x_wconf 76' lang='lat' dir='ltr'><strong>ridebit</strong></span> <span class='ocrx_word' id='word_1_150' title='bbox 1582 1213 1665 1268; x_wconf 87' lang='lat' dir='ltr'><strong>bomo</strong></span> <span class='ocrx_word' id='word_1_151' title='bbox 1692 1228 1755 1268; x_wconf 88' lang='lat' dir='ltr'><strong>eum</strong></span> <span class='ocrx_word' id='word_1_152' title='bbox 1777 1210 1850 1277; x_wconf 81' lang='lat' dir='ltr'><strong>ileo,</strong></span> <span class='ocrx_word' id='word_1_153' title='bbox 1879 1223 1975 1279; x_wconf 83' lang='lat' dir='ltr'><strong>quan·</strong></span> 
     </span>
     <span class='ocr_line' id='line_1_22' title="bbox 1170 1304 1978 1384; baseline -0.015 -15"><span class='ocrx_word' id='word_1_154' title='bbox 1170 1310 1319 1384; x_wconf 89' lang='lat' dir='ltr'><strong>doqnidem</strong></span> <span class='ocrx_word' id='word_1_155' title='bbox 1339 1311 1366 1365; x_wconf 92' lang='lat' dir='ltr'><strong>in</strong></span> <span class='ocrx_word' id='word_1_156' title='bbox 1387 1307 1516 1379; x_wconf 73' lang='lat' dir='ltr'><strong>praesenti</strong></span> <span class='ocrx_word' id='word_1_157' title='bbox 1541 1315 1647 1362; x_wconf 89' lang='lat' dir='ltr'><strong>tantum</strong></span> <span class='ocrx_word' id='word_1_158' title='bbox 1671 1314 1723 1373; x_wconf 89' lang='lat' dir='ltr'><strong>est,</strong></span> <span class='ocrx_word' id='word_1_159' title='bbox 1746 1305 1816 1361; x_wconf 93' lang='lat' dir='ltr'><strong>dum</strong></span> <span class='ocrx_word' id='word_1_160' title='bbox 1833 1304 1978 1374; x_wconf 73' lang='lat' dir='ltr'><strong>lacryma·</strong></span> 
     </span>
     <span class='ocr_line' id='line_1_23' title="bbox 1171 1411 1225 1460; baseline 0 -1"><span class='ocrx_word' id='word_1_161' title='bbox 1171 1411 1225 1460; x_wconf 87' lang='lat' dir='ltr'><strong>tur.</strong></span> 
     </span>
    </p>
   </div>
   <div class='ocr_carea' id='block_1_13' title="bbox 1172 1516 1981 1646">
    <p class='ocr_par' dir='ltr' id='par_1_13' title="bbox 1172 1516 1981 1646">
     <span class='ocr_line' id='line_1_24' title="bbox 1172 1516 1981 1643; baseline -0.017 -64"><span class='ocrx_word' id='word_1_162' title='bbox 1172 1522 1237 1578; x_wconf 82' lang='lat' dir='ltr'><strong>Cur.</strong></span> <span class='ocrx_word' id='word_1_163' title='bbox 1251 1519 1358 1576; x_wconf 72' lang='lat' dir='ltr'>LXXV.</span> <span class='ocrx_word' id='word_1_164' title='bbox 1374 1549 1410 1560; x_wconf 90' lang='lat'><em>-</em></span> <span class='ocrx_word' id='word_1_165' title='bbox 1430 1519 1469 1573; x_wconf 77' lang='lat' dir='ltr'><strong>be</strong></span> <span class='ocrx_word' id='word_1_166' title='bbox 1489 1518 1643 1643; x_wconf 54' lang='grc' dir='ltr'>ιιὲιῖιιιιιια</span> <span class='ocrx_word' id='word_1_167' title='bbox 1655 1517 1705 1572; x_wconf 85' lang='lat' dir='ltr'><strong>riri</strong></span> <span class='ocrx_word' id='word_1_168' title='bbox 1717 1516 1799 1587; x_wconf 76' lang='lat' dir='ltr'><strong>justi,</strong></span> <span class='ocrx_word' id='word_1_169' title='bbox 1811 1524 1839 1570; x_wconf 85' lang='lat' dir='ltr'><strong>et</strong></span> <span class='ocrx_word' id='word_1_170' title='bbox 1860 1529 1981 1584; x_wconf 73' lang='lat' dir='ltr'><strong>uquam</strong></span> 
     </span>
     <span class='ocr_line' id='line_1_25' title="bbox 1522 1604 1708 1646; baseline 0.016 -3"><span class='ocrx_word' id='word_1_171' title='bbox 1522 1604 1631 1643; x_wconf 83' lang='lat' dir='ltr'><strong>orrrtrns.</strong></span> <span class='ocrx_word' id='word_1_172' title='bbox 1696 1623 1708 1646; x_wconf 83' lang='lat'><strong>·</strong></span> 
     </span>
    </p>
   </div>
   <div class='ocr_carea' id='block_1_14' title="bbox 1174 1672 1983 1843">
    <p class='ocr_par' dir='ltr' id='par_1_14' title="bbox 1174 1672 1983 1843">
     <span class='ocr_line' id='line_1_26' title="bbox 1210 1672 1980 1757; baseline -0.013 -21"><span class='ocrx_word' id='word_1_173' title='bbox 1210 1681 1236 1737; x_wconf 89' lang='lat' dir='ltr'><strong>l.</strong></span> <span class='ocrx_word' id='word_1_174' title='bbox 1265 1680 1294 1735; x_wconf 93' lang='lat' dir='ltr'><strong>ln</strong></span> <span class='ocrx_word' id='word_1_175' title='bbox 1318 1679 1491 1735; x_wconf 86' lang='lat' dir='ltr'><strong>mnitissunt</strong></span> <span class='ocrx_word' id='word_1_176' title='bbox 1516 1678 1621 1757; x_wconf 81' lang='lat' dir='ltr'><strong>similes</strong></span> <span class='ocrx_word' id='word_1_177' title='bbox 1649 1676 1798 1732; x_wconf 73' lang='lat' dir='ltr'><strong>virbonus</strong></span> <span class='ocrx_word' id='word_1_178' title='bbox 1825 1672 1980 1730; x_wconf 82' lang='grc' dir='ltr'>ιιιιιιιι.</span> 
     </span>
     <span class='ocr_line' id='line_1_27' title="bbox 1174 1764 1983 1843; baseline -0.014 -15"><span class='ocrx_word' id='word_1_179' title='bbox 1174 1774 1262 1829; x_wconf 77' lang='lat' dir='ltr'><strong>limbo</strong></span> <span class='ocrx_word' id='word_1_180' title='bbox 1275 1781 1390 1843; x_wconf 85' lang='lat' dir='ltr'><strong>possunt</strong></span> <span class='ocrx_word' id='word_1_181' title='bbox 1404 1771 1525 1840; x_wconf 84' lang='lat' dir='ltr'><strong>uigilare,</strong></span> <span class='ocrx_word' id='word_1_182' title='bbox 1541 1768 1677 1841; x_wconf 80' lang='lat' dir='ltr'><strong>jejunare,</strong></span> <span class='ocrx_word' id='word_1_183' title='bbox 1694 1768 1890 1837; x_wconf 72' lang='lat' dir='ltr'><strong>eleemosynas</strong></span> <span class='ocrx_word' id='word_1_184' title='bbox 1911 1764 1983 1819; x_wconf 87' lang='lat' dir='ltr'><strong>dare</strong></span> 
     </span>
    </p>
   </div>
   <div class='ocr_carea' id='block_1_15' title="bbox 332 1834 1982 1932">
    <p class='ocr_par' dir='ltr' id='par_1_15' title="bbox 332 1834 1982 1932">
     <span class='ocr_line' id='line_1_28' title="bbox 332 1834 1982 1932; baseline -0.008 -41"><span class='ocrx_word' id='word_1_185' title='bbox 332 1836 468 1906; x_wconf 73' lang='lat' dir='ltr'><strong>dsplrcct,</strong></span> <span class='ocrx_word' id='word_1_186' title='bbox 480 1835 543 1904; x_wconf 81' lang='lat' dir='ltr'><strong>quia</strong></span> <span class='ocrx_word' id='word_1_187' title='bbox 560 1835 658 1889; x_wconf 90' lang='lat' dir='ltr'><strong>melius</strong></span> <span class='ocrx_word' id='word_1_188' title='bbox 673 1850 727 1888; x_wconf 89' lang='grc' dir='ltr'>ιιοιι</span> <span class='ocrx_word' id='word_1_189' title='bbox 742 1845 869 1906; x_wconf 84' lang='lat' dir='ltr'><strong>egerunt,</strong></span> <span class='ocrx_word' id='word_1_190' title='bbox 883 1844 911 1890; x_wconf 91' lang='lat' dir='ltr'><strong>et</strong></span> <span class='ocrx_word' id='word_1_191' title='bbox 934 1850 999 1889; x_wconf 88' lang='lat' dir='ltr'><strong>eece</strong></span> <span class='ocrx_word' id='word_1_192' title='bbox 1017 1834 1124 1888; x_wconf 87' lang='lat' dir='ltr'><strong>addita·</strong></span> <span class='ocrx_word' id='word_1_193' title='bbox 1174 1873 1201 1921; x_wconf 62' lang='lat' dir='ltr'><strong>e,</strong></span> <span class='ocrx_word' id='word_1_194' title='bbox 1227 1865 1280 1919; x_wconf 53' lang='lat' dir='ltr'>alia</span> <span class='ocrx_word' id='word_1_195' title='bbox 1307 1863 1379 1918; x_wconf 60' lang='lat' dir='ltr'>bona</span> <span class='ocrx_word' id='word_1_196' title='bbox 1398 1860 1601 1932; x_wconf 54' lang='lat' dir='ltr'><strong>quamplurima</strong></span> <span class='ocrx_word' id='word_1_197' title='bbox 1627 1858 1735 1923; x_wconf 52' lang='lat' dir='ltr'>facem</span> <span class='ocrx_word' id='word_1_198' title='bbox 1769 1857 1866 1912; x_wconf 61' lang='lat' dir='ltr'>bonus</span> <span class='ocrx_word' id='word_1_199' title='bbox 1882 1863 1982 1910; x_wconf 61' lang='lat' dir='ltr'><strong>mm</strong></span> 
     </span>
    </p>
   </div>
   <div class='ocr_carea' id='block_1_16' title="bbox 333 1924 1123 1994">
    <p class='ocr_par' dir='ltr' id='par_1_16' title="bbox 333 1924 1123 1994">
     <span class='ocr_line' id='line_1_29' title="bbox 333 1924 1123 1994; baseline -0.008 -13"><span class='ocrx_word' id='word_1_200' title='bbox 333 1935 436 1981; x_wconf 85' lang='lat' dir='ltr'><strong>menta.</strong></span> <span class='ocrx_word' id='word_1_201' title='bbox 460 1924 623 1994; x_wconf 72' lang='lat' dir='ltr'><strong>Huiusmodi</strong></span> <span class='ocrx_word' id='word_1_202' title='bbox 640 1940 704 1978; x_wconf 84' lang='lat' dir='ltr'><strong>uero</strong></span> <span class='ocrx_word' id='word_1_203' title='bbox 720 1924 822 1979; x_wconf 89' lang='lat' dir='ltr'><strong>bunum</strong></span> <span class='ocrx_word' id='word_1_204' title='bbox 838 1925 1007 1979; x_wconf 89' lang='lat' dir='ltr'><strong>cumulatum</strong></span> <span class='ocrx_word' id='word_1_205' title='bbox 1020 1931 1047 1976; x_wconf 91' lang='lat' dir='ltr'><strong>et</strong></span> <span class='ocrx_word' id='word_1_206' title='bbox 1060 1936 1123 1976; x_wconf 87' lang='lat' dir='ltr'><strong>coa·</strong></span> 
     </span>
    </p>
   </div>
   <div class='ocr_carea' id='block_1_17' title="bbox 335 1998 1166 2087">
    <p class='ocr_par' dir='ltr' id='par_1_17' title="bbox 335 1998 1166 2087">
     <span class='ocr_line' id='line_1_30' title="bbox 335 1998 1166 2087; baseline -0.002 -19"><span class='ocrx_word' id='word_1_207' title='bbox 335 2015 449 2087; x_wconf 80' lang='lat' dir='ltr'><strong>gitatum</strong></span> <span class='ocrx_word' id='word_1_208' title='bbox 473 2030 506 2070; x_wconf 90' lang='lat' dir='ltr'><strong>ac</strong></span> <span class='ocrx_word' id='word_1_209' title='bbox 524 2012 721 2084; x_wconf 87' lang='lat' dir='ltr'><strong>superellluens</strong></span> <span class='ocrx_word' id='word_1_210' title='bbox 739 2014 821 2068; x_wconf 91' lang='lat' dir='ltr'><strong>debet</strong></span> <span class='ocrx_word' id='word_1_211' title='bbox 833 2014 917 2069; x_wconf 91' lang='lat' dir='ltr'><strong>bomo</strong></span> <span class='ocrx_word' id='word_1_212' title='bbox 931 2013 1047 2067; x_wconf 81' lang='lat' dir='ltr'><strong>liomiuo</strong></span> <span class='ocrx_word' id='word_1_213' title='bbox 1066 1998 1166 2067; x_wconf 81' lang='lat' dir='ltr'><strong>red-ll</strong></span> 
     </span>
    </p>
   </div>
   <div class='ocr_carea' id='block_1_18' title="bbox 335 2104 1137 3182">
    <p class='ocr_par' dir='ltr' id='par_1_18' title="bbox 335 2104 1131 2268">
     <span class='ocr_line' id='line_1_31' title="bbox 335 2104 1131 2176; baseline -0.01 -13"><span class='ocrx_word' id='word_1_214' title='bbox 335 2108 410 2175; x_wconf 87' lang='lat' dir='ltr'><strong>dere,</strong></span> <span class='ocrx_word' id='word_1_215' title='bbox 423 2106 470 2176; x_wconf 86' lang='lat' dir='ltr'><strong>qui</strong></span> <span class='ocrx_word' id='word_1_216' title='bbox 481 2105 649 2176; x_wconf 88' lang='lat' dir='ltr'><strong>compararit</strong></span> <span class='ocrx_word' id='word_1_217' title='bbox 661 2120 725 2160; x_wconf 90' lang='lat' dir='ltr'><strong>cum</strong></span> <span class='ocrx_word' id='word_1_218' title='bbox 737 2104 903 2161; x_wconf 84' lang='lat' dir='ltr'><strong>charissimo</strong></span> <span class='ocrx_word' id='word_1_219' title='bbox 912 2105 1000 2176; x_wconf 88' lang='lat' dir='ltr'><strong>pretio</strong></span> <span class='ocrx_word' id='word_1_220' title='bbox 1013 2105 1057 2161; x_wconf 92' lang='lat' dir='ltr'><strong>sui</strong></span> <span class='ocrx_word' id='word_1_221' title='bbox 1069 2116 1131 2158; x_wconf 89' lang='lat' dir='ltr'><strong>san-</strong></span> 
     </span>
     <span class='ocr_line' id='line_1_32' title="bbox 335 2200 437 2268; baseline 0 -16"><span class='ocrx_word' id='word_1_222' title='bbox 335 2200 437 2268; x_wconf 80' lang='lat' dir='ltr'><strong>gurnis.</strong></span> 
     </span>
    </p>

    <p class='ocr_par' dir='ltr' id='par_1_19' title="bbox 337 2284 1137 3182">
     <span class='ocr_line' id='line_1_33' title="bbox 371 2284 1131 2357; baseline -0.004 -13"><span class='ocrx_word' id='word_1_223' title='bbox 371 2289 398 2344; x_wconf 78' lang='lat'><strong>2.</strong></span> <span class='ocrx_word' id='word_1_224' title='bbox 421 2290 527 2346; x_wconf 86' lang='lat' dir='ltr'><strong>Rursus</strong></span> <span class='ocrx_word' id='word_1_225' title='bbox 552 2289 654 2344; x_wconf 85' lang='lat' dir='ltr'><strong>nralum</strong></span> <span class='ocrx_word' id='word_1_226' title='bbox 681 2290 717 2344; x_wconf 92' lang='lat' dir='ltr'><strong>ita</strong></span> <span class='ocrx_word' id='word_1_227' title='bbox 734 2290 843 2356; x_wconf 89' lang='lat' dir='ltr'><strong>crescit,</strong></span> <span class='ocrx_word' id='word_1_228' title='bbox 860 2284 925 2342; x_wconf 78' lang='lat' dir='ltr'><strong>duni</strong></span> <span class='ocrx_word' id='word_1_229' title='bbox 944 2288 1043 2357; x_wconf 87' lang='lat' dir='ltr'><strong>placet,</strong></span> <span class='ocrx_word' id='word_1_230' title='bbox 1060 2287 1131 2343; x_wconf 88' lang='lat' dir='ltr'><strong>sicut</strong></span> 
     </span>
     <span class='ocr_line' id='line_1_34' title="bbox 337 2380 1130 2452; baseline -0.009 -15"><span class='ocrx_word' id='word_1_231' title='bbox 337 2382 479 2437; x_wconf 87' lang='lat' dir='ltr'><strong>ctbonum</strong></span> <span class='ocrx_word' id='word_1_232' title='bbox 497 2400 503 2435; x_wconf 93' lang='lat'><strong>:</strong></span> <span class='ocrx_word' id='word_1_233' title='bbox 523 2382 702 2452; x_wconf 89' lang='lat' dir='ltr'><strong>quamobrem</strong></span> <span class='ocrx_word' id='word_1_234' title='bbox 720 2380 808 2449; x_wconf 88' lang='lat' dir='ltr'><strong>majus</strong></span> <span class='ocrx_word' id='word_1_235' title='bbox 836 2387 977 2448; x_wconf 90' lang='lat' dir='ltr'><strong>peccatum</strong></span> <span class='ocrx_word' id='word_1_236' title='bbox 989 2385 1031 2432; x_wconf 89' lang='lat' dir='ltr'><strong>cst</strong></span> <span class='ocrx_word' id='word_1_237' title='bbox 1050 2391 1130 2431; x_wconf 92' lang='lat' dir='ltr'><strong>suum</strong></span> 
     </span>
     <span class='ocr_line' id='line_1_35' title="bbox 339 2466 1132 2543; baseline -0.004 -18"><span class='ocrx_word' id='word_1_238' title='bbox 339 2473 482 2527; x_wconf 89' lang='lat' dir='ltr'><strong>inimicum</strong></span> <span class='ocrx_word' id='word_1_239' title='bbox 498 2473 623 2527; x_wconf 87' lang='lat' dir='ltr'><strong>occ&#39;derc</strong></span> <span class='ocrx_word' id='word_1_240' title='bbox 639 2473 874 2543; x_wconf 81' lang='lat' dir='ltr'><strong>qnaruamicnm.</strong></span> <span class='ocrx_word' id='word_1_241' title='bbox 888 2469 955 2523; x_wconf 77' lang='lat' dir='ltr'><strong>llam</strong></span> <span class='ocrx_word' id='word_1_242' title='bbox 971 2469 1005 2523; x_wconf 91' lang='lat' dir='ltr'><strong>de</strong></span> <span class='ocrx_word' id='word_1_243' title='bbox 1021 2466 1132 2522; x_wconf 89' lang='lat' dir='ltr'><strong>interle-</strong></span> 
     </span>
     <span class='ocr_line' id='line_1_36' title="bbox 339 2553 1134 2633; baseline -0.009 -15"><span class='ocrx_word' id='word_1_244' title='bbox 339 2573 385 2619; x_wconf 90' lang='lat' dir='ltr'><strong>cto</strong></span> <span class='ocrx_word' id='word_1_245' title='bbox 398 2562 487 2617; x_wconf 87' lang='lat' dir='ltr'><strong>amico</strong></span> <span class='ocrx_word' id='word_1_246' title='bbox 508 2564 700 2633; x_wconf 83' lang='lat' dir='ltr'><strong>uuusquisque</strong></span> <span class='ocrx_word' id='word_1_247' title='bbox 728 2563 815 2617; x_wconf 89' lang='lat' dir='ltr'><strong>iratus</strong></span> <span class='ocrx_word' id='word_1_248' title='bbox 829 2571 881 2624; x_wconf 90' lang='lat' dir='ltr'><strong>cst,</strong></span> <span class='ocrx_word' id='word_1_249' title='bbox 897 2569 924 2614; x_wconf 90' lang='lat' dir='ltr'><strong>ct</strong></span> <span class='ocrx_word' id='word_1_250' title='bbox 939 2576 954 2614; x_wconf 92' lang='grc' dir='ltr'><strong>ι</strong></span> <span class='ocrx_word' id='word_1_251' title='bbox 970 2553 1026 2615; x_wconf 84' lang='lat' dir='ltr'><strong>beo</strong></span> <span class='ocrx_word' id='word_1_252' title='bbox 1041 2558 1134 2613; x_wconf 92' lang='lat' dir='ltr'><strong>dimit-</strong></span> 
     </span>
     <span class='ocr_line' id='line_1_37' title="bbox 341 2642 1135 2724; baseline -0.006 -17"><span class='ocrx_word' id='word_1_253' title='bbox 341 2654 408 2707; x_wconf 90' lang='lat' dir='ltr'><strong>titur</strong></span> <span class='ocrx_word' id='word_1_254' title='bbox 423 2652 564 2724; x_wconf 73' lang='lat' dir='ltr'><strong>lqrmtrianr</strong></span> <span class='ocrx_word' id='word_1_255' title='bbox 582 2653 663 2707; x_wconf 92' lang='lat' dir='ltr'><strong>bomo</strong></span> <span class='ocrx_word' id='word_1_256' title='bbox 691 2653 755 2709; x_wconf 92' lang='lat' dir='ltr'><strong>iude</strong></span> <span class='ocrx_word' id='word_1_257' title='bbox 779 2669 811 2707; x_wconf 85' lang='lat' dir='ltr'><strong>cx</strong></span> <span class='ocrx_word' id='word_1_258' title='bbox 828 2651 910 2708; x_wconf 90' lang='lat' dir='ltr'><strong>corde</strong></span> <span class='ocrx_word' id='word_1_259' title='bbox 924 2651 1047 2720; x_wconf 79' lang='lat' dir='ltr'><strong>poenitct.</strong></span> <span class='ocrx_word' id='word_1_260' title='bbox 1062 2642 1135 2703; x_wconf 85' lang='lat' dir='ltr'><strong>Tan-</strong></span> 
     </span>
     <span class='ocr_line' id='line_1_38' title="bbox 341 2741 1133 2813; baseline -0.006 -15"><span class='ocrx_word' id='word_1_261' title='bbox 341 2754 398 2798; x_wconf 89' lang='lat' dir='ltr'><strong>tuur</strong></span> <span class='ocrx_word' id='word_1_262' title='bbox 411 2759 477 2797; x_wconf 80' lang='lat' dir='ltr'><strong>reru</strong></span> <span class='ocrx_word' id='word_1_263' title='bbox 494 2744 581 2813; x_wconf 88' lang='lat' dir='ltr'><strong>placet</strong></span> <span class='ocrx_word' id='word_1_264' title='bbox 595 2744 677 2799; x_wconf 81' lang='grc' dir='ltr'>ιιίιιι</span> <span class='ocrx_word' id='word_1_265' title='bbox 690 2759 720 2800; x_wconf 84' lang='grc' dir='ltr'><strong>ιι</strong></span> <span class='ocrx_word' id='word_1_266' title='bbox 737 2745 879 2799; x_wconf 91' lang='lat' dir='ltr'><strong>inimicum</strong></span> <span class='ocrx_word' id='word_1_267' title='bbox 893 2759 973 2798; x_wconf 88' lang='lat' dir='ltr'><strong>suum</strong></span> <span class='ocrx_word' id='word_1_268' title='bbox 989 2741 1133 2806; x_wconf 87' lang='lat' dir='ltr'><strong>occidisse,</strong></span> 
     </span>
     <span class='ocr_line' id='line_1_39' title="bbox 341 2834 1136 2906; baseline -0.006 -17"><span class='ocrx_word' id='word_1_269' title='bbox 341 2838 406 2905; x_wconf 73' lang='lat' dir='ltr'><strong>«ruia</strong></span> <span class='ocrx_word' id='word_1_270' title='bbox 432 2836 476 2891; x_wconf 85' lang='lat' dir='ltr'><strong>rin</strong></span> <span class='ocrx_word' id='word_1_271' title='bbox 493 2837 557 2891; x_wconf 90' lang='lat' dir='ltr'><strong>inde</strong></span> <span class='ocrx_word' id='word_1_272' title='bbox 578 2837 650 2891; x_wconf 84' lang='lat' dir='ltr'><strong>raict</strong></span> <span class='ocrx_word' id='word_1_273' title='bbox 663 2837 697 2891; x_wconf 90' lang='lat' dir='ltr'><strong>ad</strong></span> <span class='ocrx_word' id='word_1_274' title='bbox 720 2837 918 2906; x_wconf 87' lang='lat' dir='ltr'><strong>indulgentiam</strong></span> <span class='ocrx_word' id='word_1_275' title='bbox 936 2834 1136 2905; x_wconf 78' lang='lat' dir='ltr'><strong>peirenireret</strong></span> 
     </span>
     <span class='ocr_line' id='line_1_40' title="bbox 342 2923 1135 3000; baseline -0.013 -15"><span class='ocrx_word' id='word_1_276' title='bbox 342 2945 359 2999; x_wconf 91' lang='lat' dir='ltr'><strong>p</strong></span> <span class='ocrx_word' id='word_1_277' title='bbox 379 2940 487 2999; x_wconf 75' lang='lat' dir='ltr'><strong>stultam</strong></span> <span class='ocrx_word' id='word_1_278' title='bbox 500 2928 563 2983; x_wconf 93' lang='lat' dir='ltr'><strong>iude</strong></span> <span class='ocrx_word' id='word_1_279' title='bbox 574 2930 657 2984; x_wconf 86' lang='lat' dir='ltr'><strong>ctiam</strong></span> <span class='ocrx_word' id='word_1_280' title='bbox 674 2929 808 3000; x_wconf 82' lang='lat' dir='ltr'><strong>judicium</strong></span> <span class='ocrx_word' id='word_1_281' title='bbox 823 2928 983 2998; x_wconf 72' lang='lat' dir='ltr'><strong>sumpserit,</strong></span> <span class='ocrx_word' id='word_1_282' title='bbox 996 2923 1095 2980; x_wconf 86' lang='lat' dir='ltr'><strong>deiude</strong></span> <span class='ocrx_word' id='word_1_283' title='bbox 1108 2923 1135 2976; x_wconf 92' lang='lat' dir='ltr'><strong>in</strong></span> 
     </span>
     <span class='ocr_line' id='line_1_41' title="bbox 342 3011 1137 3085; baseline -0.008 -10"><span class='ocrx_word' id='word_1_284' title='bbox 342 3020 427 3075; x_wconf 89' lang='lat' dir='ltr'><strong>corde</strong></span> <span class='ocrx_word' id='word_1_285' title='bbox 453 3035 505 3076; x_wconf 85' lang='lat' dir='ltr'><strong>suo</strong></span> <span class='ocrx_word' id='word_1_286' title='bbox 516 3011 603 3075; x_wconf 90' lang='lat' dir='ltr'><strong>dicit:</strong></span> <span class='ocrx_word' id='word_1_287' title='bbox 620 3039 629 3072; x_wconf 84' lang='lat' dir='ltr'><strong>r</strong></span> <span class='ocrx_word' id='word_1_288' title='bbox 645 3019 728 3084; x_wconf 87' lang='lat' dir='ltr'><strong>lleus,</strong></span> <span class='ocrx_word' id='word_1_289' title='bbox 742 3020 902 3075; x_wconf 90' lang='lat' dir='ltr'><strong>benedictus</strong></span> <span class='ocrx_word' id='word_1_290' title='bbox 924 3017 963 3072; x_wconf 90' lang='lat' dir='ltr'><strong>sis</strong></span> <span class='ocrx_word' id='word_1_291' title='bbox 975 3016 1022 3085; x_wconf 85' lang='lat' dir='ltr'><strong>qui</strong></span> <span class='ocrx_word' id='word_1_292' title='bbox 1038 3030 1083 3070; x_wconf 90' lang='lat' dir='ltr'><strong>me</strong></span> <span class='ocrx_word' id='word_1_293' title='bbox 1102 3013 1137 3069; x_wconf 88' lang='lat' dir='ltr'><strong>dc</strong></span> 
     </span>
     <span class='ocr_line' id='line_1_42' title="bbox 344 3105 1137 3182; baseline -0.01 -14"><span class='ocrx_word' id='word_1_294' title='bbox 344 3113 397 3170; x_wconf 87' lang='lat' dir='ltr'><strong>isto</strong></span> <span class='ocrx_word' id='word_1_295' title='bbox 408 3111 441 3167; x_wconf 90' lang='lat' dir='ltr'><strong>ad</strong></span> <span class='ocrx_word' id='word_1_296' title='bbox 454 3112 642 3182; x_wconf 73' lang='lat' dir='ltr'><strong>paenitentiam</strong></span> <span class='ocrx_word' id='word_1_297' title='bbox 656 3118 767 3180; x_wconf 88' lang='lat' dir='ltr'><strong>peccato</strong></span> <span class='ocrx_word' id='word_1_298' title='bbox 778 3108 927 3166; x_wconf 82' lang='lat' dir='ltr'><strong>adduxisti.</strong></span> <span class='ocrx_word' id='word_1_299' title='bbox 943 3105 1137 3162; x_wconf 75' lang='lat' dir='ltr'><strong>Verumtamen</strong></span> 
     </span>
    </p>
   </div>
   <div class='ocr_carea' id='block_1_19' title="bbox 252 3194 1138 3273">
    <p class='ocr_par' dir='ltr' id='par_1_20' title="bbox 252 3194 1138 3273">
     <span class='ocr_line' id='line_1_43' title="bbox 252 3194 1138 3273; baseline -0.01 -12"><span class='ocrx_word' id='word_1_300' title='bbox 252 3241 256 3246; x_wconf 89' lang='lat'><em>-</em></span> <span class='ocrx_word' id='word_1_301' title='bbox 346 3207 461 3260; x_wconf 86' lang='lat' dir='ltr'><strong>rrrultum</strong></span> <span class='ocrx_word' id='word_1_302' title='bbox 483 3205 550 3258; x_wconf 90' lang='lat' dir='ltr'><strong>milri</strong></span> <span class='ocrx_word' id='word_1_303' title='bbox 566 3205 651 3273; x_wconf 89' lang='lat' dir='ltr'><strong>placet</strong></span> <span class='ocrx_word' id='word_1_304' title='bbox 665 3203 741 3257; x_wconf 94' lang='lat' dir='ltr'><strong>illum</strong></span> <span class='ocrx_word' id='word_1_305' title='bbox 757 3218 819 3258; x_wconf 86' lang='lat' dir='ltr'><strong>esse</strong></span> <span class='ocrx_word' id='word_1_306' title='bbox 834 3212 973 3257; x_wconf 89' lang='lat' dir='ltr'><strong>mortuum</strong></span> <span class='ocrx_word' id='word_1_307' title='bbox 1000 3194 1048 3270; x_wconf 76' lang='lat' dir='ltr'><strong>gui</strong></span> <span class='ocrx_word' id='word_1_308' title='bbox 1070 3197 1138 3254; x_wconf 91' lang='lat' dir='ltr'><strong>mibi</strong></span> 
     </span>
    </p>
   </div>
   <div class='ocr_carea' id='block_1_20' title="bbox 346 3292 1138 3462">
    <p class='ocr_par' dir='ltr' id='par_1_21' title="bbox 346 3292 1138 3462">
     <span class='ocr_line' id='line_1_44' title="bbox 346 3292 1138 3372; baseline -0.009 -23"><span class='ocrx_word' id='word_1_309' title='bbox 346 3295 494 3350; x_wconf 71' lang='lat' dir='ltr'><strong>nocebat.»</strong></span> <span class='ocrx_word' id='word_1_310' title='bbox 520 3292 553 3348; x_wconf 85' lang='lat' dir='ltr'><strong>Et</strong></span> <span class='ocrx_word' id='word_1_311' title='bbox 567 3295 633 3348; x_wconf 93' lang='lat' dir='ltr'><strong>dum</strong></span> <span class='ocrx_word' id='word_1_312' title='bbox 658 3294 711 3372; x_wconf 83' lang='lat' dir='ltr'><strong>boc</strong></span> <span class='ocrx_word' id='word_1_313' title='bbox 734 3292 899 3357; x_wconf 90' lang='lat' dir='ltr'><strong>considerat,</strong></span> <span class='ocrx_word' id='word_1_314' title='bbox 927 3305 1067 3361; x_wconf 88' lang='lat' dir='ltr'><strong>nunqnam</strong></span> <span class='ocrx_word' id='word_1_315' title='bbox 1084 3297 1138 3343; x_wconf 90' lang='lat' dir='ltr'><strong>tam</strong></span> 
     </span>
     <span class='ocr_line' id='line_1_45' title="bbox 347 3384 711 3462; baseline -0.011 -21"><span class='ocrx_word' id='word_1_316' title='bbox 347 3388 427 3456; x_wconf 88' lang='lat' dir='ltr'><strong>longe</strong></span> <span class='ocrx_word' id='word_1_317' title='bbox 438 3385 491 3440; x_wconf 85' lang='lat' dir='ltr'><strong>luit</strong></span> <span class='ocrx_word' id='word_1_318' title='bbox 508 3400 523 3438; x_wconf 89' lang='lat' dir='ltr'><strong>a</strong></span> <span class='ocrx_word' id='word_1_319' title='bbox 537 3384 711 3462; x_wconf 74' lang='lat' dir='ltr'><strong>poenitentia.</strong></span> 
     </span>
    </p>
   </div>
   <div class='ocr_carea' id='block_1_21' title="bbox 382 3472 1200 3545">
    <p class='ocr_par' dir='ltr' id='par_1_22' title="bbox 382 3472 1200 3545">
     <span class='ocr_line' id='line_1_46' title="bbox 382 3472 1200 3545; baseline -0.01 -14"><span class='ocrx_word' id='word_1_320' title='bbox 382 3478 409 3531; x_wconf 78' lang='grc'><strong>5.</strong></span> <span class='ocrx_word' id='word_1_321' title='bbox 430 3475 479 3531; x_wconf 84' lang='grc' dir='ltr'><strong>Ειι</strong></span> <span class='ocrx_word' id='word_1_322' title='bbox 505 3475 578 3530; x_wconf 90' lang='lat' dir='ltr'><strong>euim</strong></span> <span class='ocrx_word' id='word_1_323' title='bbox 604 3474 776 3545; x_wconf 81' lang='lat' dir='ltr'><strong>poenitentia,</strong></span> <span class='ocrx_word' id='word_1_324' title='bbox 807 3472 975 3543; x_wconf 78' lang='lat' dir='ltr'><strong>utquisque</strong></span> <span class='ocrx_word' id='word_1_325' title='bbox 998 3474 1140 3543; x_wconf 85' lang='lat' dir='ltr'><strong>poeuitcat,</strong></span> <span class='ocrx_word' id='word_1_326' title='bbox 1198 3507 1200 3511; x_wconf 66' lang='lat'><strong>,</strong></span> 
     </span>
    </p>
   </div>
   <div class='ocr_carea' id='block_1_22' title="bbox 349 3566 1151 4371">
    <p class='ocr_par' dir='ltr' id='par_1_23' title="bbox 349 3566 1151 4371">
     <span class='ocr_line' id='line_1_47' title="bbox 349 3566 1142 3639; baseline -0.004 -17"><span class='ocrx_word' id='word_1_327' title='bbox 349 3584 431 3639; x_wconf 70' lang='lat' dir='ltr'><strong>eruam</strong></span> <span class='ocrx_word' id='word_1_328' title='bbox 448 3566 521 3623; x_wconf 85' lang='lat' dir='ltr'><strong>bens</strong></span> <span class='ocrx_word' id='word_1_329' title='bbox 534 3567 709 3623; x_wconf 80' lang='lat' dir='ltr'><strong>solummodo</strong></span> <span class='ocrx_word' id='word_1_330' title='bbox 731 3566 836 3622; x_wconf 89' lang='lat' dir='ltr'><strong>bomini</strong></span> <span class='ocrx_word' id='word_1_331' title='bbox 864 3567 1039 3639; x_wconf 74' lang='lat' dir='ltr'><strong>pergratiam</strong></span> <span class='ocrx_word' id='word_1_332' title='bbox 1063 3580 1142 3621; x_wconf 91' lang='lat' dir='ltr'><strong>suam</strong></span> 
     </span>
     <span class='ocr_line' id='line_1_48' title="bbox 352 3746 1145 3822; baseline -0.006 -19"><span class='ocrx_word' id='word_1_333' title='bbox 352 3759 523 3821; x_wconf 65' lang='lat' dir='ltr'><strong>paccatorem</strong></span> <span class='ocrx_word' id='word_1_334' title='bbox 552 3751 701 3822; x_wconf 89' lang='lat' dir='ltr'><strong>interrogat</strong></span> <span class='ocrx_word' id='word_1_335' title='bbox 716 3757 808 3805; x_wconf 91' lang='lat' dir='ltr'><strong>utrum</strong></span> <span class='ocrx_word' id='word_1_336' title='bbox 825 3748 1015 3819; x_wconf 80' lang='lat' dir='ltr'><strong>poerritcutiam</strong></span> <span class='ocrx_word' id='word_1_337' title='bbox 1038 3746 1145 3815; x_wconf 83' lang='lat' dir='ltr'><strong>aderat,</strong></span> 
     </span>
     <span class='ocr_line' id='line_1_49' title="bbox 350 3838 1144 3911; baseline -0.005 -15"><span class='ocrx_word' id='word_1_338' title='bbox 350 3843 394 3896; x_wconf 83' lang='lat' dir='ltr'><strong>rel</strong></span> <span class='ocrx_word' id='word_1_339' title='bbox 420 3843 444 3898; x_wconf 91' lang='lat' dir='ltr'><strong>ei</strong></span> <span class='ocrx_word' id='word_1_340' title='bbox 476 3851 618 3911; x_wconf 86' lang='lat' dir='ltr'><strong>peccatum</strong></span> <span class='ocrx_word' id='word_1_341' title='bbox 644 3840 819 3911; x_wconf 75' lang='lat' dir='ltr'><strong>displicent</strong></span> <span class='ocrx_word' id='word_1_342' title='bbox 843 3841 872 3895; x_wconf 86' lang='lat' dir='ltr'><strong>Si</strong></span> <span class='ocrx_word' id='word_1_343' title='bbox 890 3841 948 3910; x_wconf 85' lang='lat' dir='ltr'><strong>ipse</strong></span> <span class='ocrx_word' id='word_1_344' title='bbox 974 3838 1144 3910; x_wconf 89' lang='lat' dir='ltr'><strong>respondet:</strong></span> 
     </span>
     <span class='ocr_line' id='line_1_50' title="bbox 355 3924 1147 4002; baseline -0.004 -19"><span class='ocrx_word' id='word_1_345' title='bbox 355 3952 366 3982; x_wconf 73' lang='lat' dir='ltr'><strong>a</strong></span> <span class='ocrx_word' id='word_1_346' title='bbox 389 3932 498 3986; x_wconf 87' lang='lat' dir='ltr'><strong>liin&#39;me</strong></span> <span class='ocrx_word' id='word_1_347' title='bbox 523 3932 646 4002; x_wconf 82' lang='lat' dir='ltr'><strong>pmnitet,</strong></span> <span class='ocrx_word' id='word_1_348' title='bbox 671 3931 770 4001; x_wconf 85' lang='lat' dir='ltr'><strong>rqrrod</strong></span> <span class='ocrx_word' id='word_1_349' title='bbox 795 3929 930 4000; x_wconf 83' lang='lat' dir='ltr'><strong>judicium</strong></span> <span class='ocrx_word' id='word_1_350' title='bbox 956 3927 1086 3999; x_wconf 87' lang='lat' dir='ltr'><strong>potcstei</strong></span> <span class='ocrx_word' id='word_1_351' title='bbox 1106 3924 1147 3980; x_wconf 90' lang='lat' dir='ltr'><strong>ia-</strong></span> 
     </span>
     <span class='ocr_line' id='line_1_51' title="bbox 349 4019 1145 4100; baseline -0.014 -20"><span class='ocrx_word' id='word_1_352' title='bbox 349 4040 426 4100; x_wconf 76' lang='grc' dir='ltr'><strong>Ιιιιι,</strong></span> <span class='ocrx_word' id='word_1_353' title='bbox 442 4023 495 4079; x_wconf 91' lang='lat' dir='ltr'><strong>nisi</strong></span> <span class='ocrx_word' id='word_1_354' title='bbox 509 4023 659 4093; x_wconf 72' lang='lat' dir='ltr'><strong>poeniteat?</strong></span> <span class='ocrx_word' id='word_1_355' title='bbox 675 4020 702 4077; x_wconf 88' lang='lat' dir='ltr'><strong>Si</strong></span> <span class='ocrx_word' id='word_1_356' title='bbox 717 4037 782 4078; x_wconf 86' lang='lat' dir='ltr'><strong>uero</strong></span> <span class='ocrx_word' id='word_1_357' title='bbox 797 4022 871 4076; x_wconf 87' lang='lat' dir='ltr'><strong>dicat</strong></span> <span class='ocrx_word' id='word_1_358' title='bbox 887 4040 893 4076; x_wconf 93' lang='lat'>:</span> <span class='ocrx_word' id='word_1_359' title='bbox 911 4040 919 4072; x_wconf 84' lang='grc' dir='ltr'><strong>ι</strong></span> <span class='ocrx_word' id='word_1_360' title='bbox 937 4019 1052 4075; x_wconf 84' lang='lat' dir='ltr'><strong>Poenitet</strong></span> <span class='ocrx_word' id='word_1_361' title='bbox 1066 4031 1120 4083; x_wconf 91' lang='lat' dir='ltr'><strong>me,</strong></span> <span class='ocrx_word' id='word_1_362' title='bbox 1135 4034 1145 4069; x_wconf 85' lang='lat' dir='ltr'><strong>r</strong></span> 
     </span>
     <span class='ocr_line' id='line_1_52' title="bbox 354 4106 1148 4187; baseline -0.011 -17"><span class='ocrx_word' id='word_1_363' title='bbox 354 4125 446 4187; x_wconf 87' lang='lat' dir='ltr'><strong>potest</strong></span> <span class='ocrx_word' id='word_1_364' title='bbox 467 4130 529 4170; x_wconf 90' lang='lat' dir='ltr'><strong>curn</strong></span> <span class='ocrx_word' id='word_1_365' title='bbox 559 4114 684 4183; x_wconf 81' lang='lat' dir='ltr'><strong>judicare</strong></span> <span class='ocrx_word' id='word_1_366' title='bbox 709 4122 735 4167; x_wconf 88' lang='lat' dir='ltr'><strong>ct</strong></span> <span class='ocrx_word' id='word_1_367' title='bbox 760 4111 959 4183; x_wconf 83' lang='lat' dir='ltr'><strong>poerritudiucm</strong></span> <span class='ocrx_word' id='word_1_368' title='bbox 986 4106 1148 4173; x_wconf 81' lang='lat' dir='ltr'><strong>concedere,</strong></span> 
     </span>
     <span class='ocr_line' id='line_1_53' title="bbox 356 4198 1151 4280; baseline -0.011 -18"><span class='ocrx_word' id='word_1_369' title='bbox 356 4225 439 4280; x_wconf 63' lang='lat' dir='ltr'><strong>cruram</strong></span> <span class='ocrx_word' id='word_1_370' title='bbox 457 4207 529 4263; x_wconf 86' lang='lat' dir='ltr'><strong>Deus</strong></span> <span class='ocrx_word' id='word_1_371' title='bbox 557 4207 596 4261; x_wconf 92' lang='lat' dir='ltr'><strong>illi</strong></span> <span class='ocrx_word' id='word_1_372' title='bbox 623 4207 731 4273; x_wconf 87' lang='lat' dir='ltr'><strong>tribuit,</strong></span> <span class='ocrx_word' id='word_1_373' title='bbox 752 4204 879 4261; x_wconf 82' lang='lat' dir='ltr'><strong>uidelicet</strong></span> <span class='ocrx_word' id='word_1_374' title='bbox 903 4214 932 4257; x_wconf 93' lang='grc' dir='ltr'><strong>ιι</strong></span> <span class='ocrx_word' id='word_1_375' title='bbox 956 4215 1065 4271; x_wconf 85' lang='lat' dir='ltr'><strong>semper</strong></span> <span class='ocrx_word' id='word_1_376' title='bbox 1087 4198 1151 4254; x_wconf 92' lang='lat' dir='ltr'><strong>inde</strong></span> 
     </span>
     <span class='ocr_line' id='line_1_54' title="bbox 356 4300 498 4371; baseline 0 -19"><span class='ocrx_word' id='word_1_377' title='bbox 356 4300 498 4371; x_wconf 84' lang='lat' dir='ltr'><strong>poerdteat.</strong></span> 
     </span>
    </p>
   </div>
   <div class='ocr_carea' id='block_1_23' title="bbox 358 4381 1153 4602">
    <p class='ocr_par' dir='ltr' id='par_1_24' title="bbox 358 4381 1153 4602">
     <span class='ocr_line' id='line_1_55' title="bbox 358 4381 1153 4457; baseline -0.014 -12"><span class='ocrx_word' id='word_1_378' title='bbox 358 4393 422 4445; x_wconf 77' lang='lat' dir='ltr'><strong>Car.</strong></span> <span class='ocrx_word' id='word_1_379' title='bbox 444 4388 560 4448; x_wconf 80' lang='lat' dir='ltr'><strong>Lxlitll.</strong></span> <span class='ocrx_word' id='word_1_380' title='bbox 578 4418 616 4428; x_wconf 92' lang='lat'><strong>—-</strong></span> <span class='ocrx_word' id='word_1_381' title='bbox 629 4388 668 4442; x_wconf 81' lang='lat' dir='ltr'><strong>lle</strong></span> <span class='ocrx_word' id='word_1_382' title='bbox 680 4381 881 4457; x_wconf 68' lang='lat' dir='ltr'><strong>majorr&#39;lulrore</strong></span> <span class='ocrx_word' id='word_1_383' title='bbox 897 4400 972 4457; x_wconf 76' lang='lat' dir='ltr'><strong>prtem</strong></span> <span class='ocrx_word' id='word_1_384' title='bbox 986 4392 1089 4455; x_wconf 80' lang='lat' dir='ltr'><strong>putatur</strong></span> <span class='ocrx_word' id='word_1_385' title='bbox 1101 4383 1153 4435; x_wconf 87' lang='lat' dir='ltr'><strong>nli-</strong></span> 
     </span>
     <span class='ocr_line' id='line_1_56' title="bbox 394 4456 1151 4528; baseline -0.013 -14"><span class='ocrx_word' id='word_1_386' title='bbox 394 4462 453 4525; x_wconf 81' lang='lat' dir='ltr'><strong>uois</strong></span> <span class='ocrx_word' id='word_1_387' title='bbox 477 4462 504 4513; x_wconf 89' lang='lat' dir='ltr'><strong>in</strong></span> <span class='ocrx_word' id='word_1_388' title='bbox 519 4460 622 4514; x_wconf 88' lang='lat' dir='ltr'><strong>modico</strong></span> <span class='ocrx_word' id='word_1_389' title='bbox 652 4459 730 4524; x_wconf 88' lang='lat' dir='ltr'><strong>bono,</strong></span> <span class='ocrx_word' id='word_1_390' title='bbox 756 4474 835 4528; x_wconf 84' lang='lat' dir='ltr'><strong>qnam</strong></span> <span class='ocrx_word' id='word_1_391' title='bbox 850 4458 872 4511; x_wconf 83' lang='lat' dir='ltr'><strong>ai</strong></span> <span class='ocrx_word' id='word_1_392' title='bbox 891 4456 987 4509; x_wconf 84' lang='lat' dir='ltr'><strong>bortum</strong></span> <span class='ocrx_word' id='word_1_393' title='bbox 1008 4462 1075 4508; x_wconf 81' lang='lat' dir='ltr'><strong>erret</strong></span> <span class='ocrx_word' id='word_1_394' title='bbox 1092 4468 1151 4505; x_wconf 87' lang='lat' dir='ltr'><strong>mn·</strong></span> 
     </span>
     <span class='ocr_line' id='line_1_57' title="bbox 395 4546 486 4602; baseline 0.022 -18"><span class='ocrx_word' id='word_1_395' title='bbox 395 4546 486 4602; x_wconf 77' lang='lat' dir='ltr'><strong>gnum.</strong></span> 
     </span>
    </p>
   </div>
   <div class='ocr_carea' id='block_1_24' title="bbox 333 4612 1160 5244">
    <p class='ocr_par' dir='ltr' id='par_1_25' title="bbox 333 4612 1157 5060">
     <span class='ocr_line' id='line_1_58' title="bbox 333 4612 1151 4691; baseline -0.013 -15"><span class='ocrx_word' id='word_1_396' title='bbox 333 4636 336 4640; x_wconf 88' lang='lat'>·</span> <span class='ocrx_word' id='word_1_397' title='bbox 377 4622 423 4675; x_wconf 86' lang='lat' dir='ltr'><strong>.l.</strong></span> <span class='ocrx_word' id='word_1_398' title='bbox 444 4621 576 4691; x_wconf 82' lang='lat' dir='ltr'><strong>llajorenr</strong></span> <span class='ocrx_word' id='word_1_399' title='bbox 603 4620 724 4675; x_wconf 90' lang='lat' dir='ltr'><strong>laborem</strong></span> <span class='ocrx_word' id='word_1_400' title='bbox 750 4620 853 4688; x_wconf 87' lang='lat' dir='ltr'><strong>patitur</strong></span> <span class='ocrx_word' id='word_1_401' title='bbox 867 4617 969 4687; x_wconf 78' lang='lat' dir='ltr'><strong>aliquis</strong></span> <span class='ocrx_word' id='word_1_402' title='bbox 997 4612 1151 4669; x_wconf 91' lang='lat' dir='ltr'><strong>inmodico</strong></span> 
     </span>
     <span class='ocr_line' id='line_1_59' title="bbox 362 4712 1153 4782; baseline -0.013 -15"><span class='ocrx_word' id='word_1_403' title='bbox 362 4715 448 4777; x_wconf 83' lang='lat' dir='ltr'><strong>botro,</strong></span> <span class='ocrx_word' id='word_1_404' title='bbox 468 4728 550 4782; x_wconf 85' lang='lat' dir='ltr'><strong>quam</strong></span> <span class='ocrx_word' id='word_1_405' title='bbox 566 4712 589 4765; x_wconf 90' lang='lat' dir='ltr'><strong>si</strong></span> <span class='ocrx_word' id='word_1_406' title='bbox 617 4712 718 4765; x_wconf 93' lang='lat' dir='ltr'><strong>bonum</strong></span> <span class='ocrx_word' id='word_1_407' title='bbox 737 4718 810 4764; x_wconf 78' lang='lat' dir='ltr'><strong>essct</strong></span> <span class='ocrx_word' id='word_1_408' title='bbox 835 4724 964 4780; x_wconf 88' lang='lat' dir='ltr'><strong>magnum</strong></span> <span class='ocrx_word' id='word_1_409' title='bbox 979 4726 985 4761; x_wconf 94' lang='lat'>:</span> <span class='ocrx_word' id='word_1_410' title='bbox 1000 4721 1062 4760; x_wconf 93' lang='lat' dir='ltr'><strong>nam</strong></span> <span class='ocrx_word' id='word_1_411' title='bbox 1092 4720 1153 4778; x_wconf 81' lang='lat' dir='ltr'><strong>par·</strong></span> 
     </span>
     <span class='ocr_line' id='line_1_60' title="bbox 364 4793 1156 4868; baseline -0.009 -14"><span class='ocrx_word' id='word_1_412' title='bbox 364 4817 428 4855; x_wconf 80' lang='lat' dir='ltr'><strong>rum</strong></span> <span class='ocrx_word' id='word_1_413' title='bbox 440 4802 540 4854; x_wconf 90' lang='lat' dir='ltr'><strong>bonum</strong></span> <span class='ocrx_word' id='word_1_414' title='bbox 553 4801 665 4854; x_wconf 79' lang='lat' dir='ltr'><strong>ur&#39;rrime</strong></span> <span class='ocrx_word' id='word_1_415' title='bbox 678 4800 802 4868; x_wconf 85' lang='lat' dir='ltr'><strong>perducit</strong></span> <span class='ocrx_word' id='word_1_416' title='bbox 813 4800 951 4852; x_wconf 87' lang='lat' dir='ltr'><strong>bominem</strong></span> <span class='ocrx_word' id='word_1_417' title='bbox 966 4796 999 4850; x_wconf 88' lang='lat' dir='ltr'><strong>ad</strong></span> <span class='ocrx_word' id='word_1_418' title='bbox 1014 4793 1156 4865; x_wconf 85' lang='lat' dir='ltr'><strong>perlectio-</strong></span> 
     </span>
     <span class='ocr_line' id='line_1_61' title="bbox 365 4876 1157 4959; baseline -0.013 -12"><span class='ocrx_word' id='word_1_419' title='bbox 365 4908 427 4947; x_wconf 83' lang='lat' dir='ltr'><strong>nem</strong></span> <span class='ocrx_word' id='word_1_420' title='bbox 441 4892 540 4946; x_wconf 77' lang='lat' dir='ltr'><strong>diuinae</strong></span> <span class='ocrx_word' id='word_1_421' title='bbox 554 4876 712 4946; x_wconf 79' lang='lat' dir='ltr'><strong>dilectionis</strong></span> <span class='ocrx_word' id='word_1_422' title='bbox 730 4891 823 4959; x_wconf 85' lang='lat' dir='ltr'><strong>inqua</strong></span> <span class='ocrx_word' id='word_1_423' title='bbox 847 4890 955 4959; x_wconf 80' lang='lat' dir='ltr'><strong>requies</strong></span> <span class='ocrx_word' id='word_1_424' title='bbox 967 4898 1019 4948; x_wconf 83' lang='lat' dir='ltr'><strong>cst,</strong></span> <span class='ocrx_word' id='word_1_425' title='bbox 1036 4887 1083 4942; x_wconf 80' lang='lat' dir='ltr'><strong>sed</strong></span> <span class='ocrx_word' id='word_1_426' title='bbox 1098 4901 1157 4939; x_wconf 92' lang='lat' dir='ltr'><strong>mu-</strong></span> 
     </span>
     <span class='ocr_line' id='line_1_62' title="bbox 341 4981 943 5060; baseline -0.005 -24"><span class='ocrx_word' id='word_1_427' title='bbox 341 5056 343 5060; x_wconf 22' lang='grc'><strong>,</strong></span> <span class='ocrx_word' id='word_1_428' title='bbox 367 4999 450 5055; x_wconf 88' lang='lat' dir='ltr'><strong>gnum</strong></span> <span class='ocrx_word' id='word_1_429' title='bbox 466 4983 566 5038; x_wconf 89' lang='lat' dir='ltr'><strong>bonurn</strong></span> <span class='ocrx_word' id='word_1_430' title='bbox 583 4983 648 5038; x_wconf 86' lang='lat' dir='ltr'><strong>lacit</strong></span> <span class='ocrx_word' id='word_1_431' title='bbox 664 4999 726 5039; x_wconf 93' lang='lat' dir='ltr'><strong>cnm</strong></span> <span class='ocrx_word' id='word_1_432' title='bbox 741 4983 777 5037; x_wconf 91' lang='lat' dir='ltr'><strong>ibi</strong></span> <span class='ocrx_word' id='word_1_433' title='bbox 791 4981 943 5052; x_wconf 80' lang='lat' dir='ltr'><strong>peruenire.</strong></span> 
     </span>
    </p>

    <p class='ocr_par' dir='ltr' id='par_1_26' title="bbox 367 5074 1160 5244">
     <span class='ocr_line' id='line_1_63' title="bbox 403 5074 1157 5146; baseline -0.008 -16"><span class='ocrx_word' id='word_1_434' title='bbox 403 5077 430 5130; x_wconf 71' lang='grc' dir='ltr'><strong>ι.</strong></span> <span class='ocrx_word' id='word_1_435' title='bbox 452 5076 529 5143; x_wconf 81' lang='lat' dir='ltr'><strong>Quod</strong></span> <span class='ocrx_word' id='word_1_436' title='bbox 543 5077 566 5132; x_wconf 91' lang='lat' dir='ltr'><strong>si</strong></span> <span class='ocrx_word' id='word_1_437' title='bbox 578 5077 641 5146; x_wconf 83' lang='lat' dir='ltr'><strong>quis</strong></span> <span class='ocrx_word' id='word_1_438' title='bbox 662 5085 768 5145; x_wconf 76' lang='grc' dir='ltr'>ιιιιιιιι</span> <span class='ocrx_word' id='word_1_439' title='bbox 782 5074 855 5144; x_wconf 82' lang='lat' dir='ltr'><strong>qnod</strong></span> <span class='ocrx_word' id='word_1_440' title='bbox 873 5074 974 5127; x_wconf 87' lang='lat' dir='ltr'><strong>bonurn</strong></span> <span class='ocrx_word' id='word_1_441' title='bbox 987 5081 1028 5126; x_wconf 89' lang='lat' dir='ltr'><strong>est</strong></span> <span class='ocrx_word' id='word_1_442' title='bbox 1044 5086 1157 5140; x_wconf 87' lang='lat' dir='ltr'><strong>paruum</strong></span> 
     </span>
     <span class='ocr_line' id='line_1_64' title="bbox 367 5163 1160 5244; baseline -0.014 -19"><span class='ocrx_word' id='word_1_443' title='bbox 367 5171 411 5225; x_wconf 67' lang='lat' dir='ltr'><strong>rel</strong></span> <span class='ocrx_word' id='word_1_444' title='bbox 427 5169 501 5244; x_wconf 88' lang='lat' dir='ltr'><strong>quod</strong></span> <span class='ocrx_word' id='word_1_445' title='bbox 515 5184 644 5239; x_wconf 83' lang='lat' dir='ltr'><strong>nragncm</strong></span> <span class='ocrx_word' id='word_1_446' title='bbox 659 5168 671 5222; x_wconf 92' lang='lat' dir='ltr'><strong>l</strong></span> <span class='ocrx_word' id='word_1_447' title='bbox 684 5167 810 5238; x_wconf 83' lang='lat' dir='ltr'><strong>quisquis</strong></span> <span class='ocrx_word' id='word_1_448' title='bbox 825 5167 897 5221; x_wconf 92' lang='lat' dir='ltr'><strong>bona</strong></span> <span class='ocrx_word' id='word_1_449' title='bbox 921 5163 988 5218; x_wconf 86' lang='lat' dir='ltr'><strong>lacit</strong></span> <span class='ocrx_word' id='word_1_450' title='bbox 1004 5177 1098 5232; x_wconf 88' lang='lat' dir='ltr'><strong>opera,</strong></span> <span class='ocrx_word' id='word_1_451' title='bbox 1112 5175 1160 5229; x_wconf 88' lang='lat' dir='ltr'><strong>po-</strong></span> 
     </span>
    </p>
   </div>
   <div class='ocr_carea' id='block_1_25' title="bbox 267 5251 1160 5333">
    <p class='ocr_par' dir='ltr' id='par_1_27' title="bbox 267 5251 1160 5333">
     <span class='ocr_line' id='line_1_65' title="bbox 267 5251 1160 5333; baseline -0.013 -15"><span class='ocrx_word' id='word_1_452' title='bbox 267 5287 273 5298; x_wconf 90' lang='lat'><strong>·</strong></span> <span class='ocrx_word' id='word_1_453' title='bbox 370 5272 423 5318; x_wconf 83' lang='lat' dir='ltr'><strong>test</strong></span> <span class='ocrx_word' id='word_1_454' title='bbox 433 5265 486 5319; x_wconf 91' lang='lat' dir='ltr'><strong>buc</strong></span> <span class='ocrx_word' id='word_1_455' title='bbox 500 5265 527 5317; x_wconf 94' lang='lat' dir='ltr'><strong>iu</strong></span> <span class='ocrx_word' id='word_1_456' title='bbox 539 5263 686 5333; x_wconf 86' lang='lat' dir='ltr'><strong>semetipso</strong></span> <span class='ocrx_word' id='word_1_457' title='bbox 700 5260 803 5326; x_wconf 89' lang='lat' dir='ltr'><strong>ridere,</strong></span> <span class='ocrx_word' id='word_1_458' title='bbox 837 5273 900 5313; x_wconf 93' lang='lat' dir='ltr'><strong>nam</strong></span> <span class='ocrx_word' id='word_1_459' title='bbox 917 5256 964 5311; x_wconf 92' lang='lat' dir='ltr'><strong>alii</strong></span> <span class='ocrx_word' id='word_1_460' title='bbox 983 5270 1037 5309; x_wconf 93' lang='lat' dir='ltr'><strong>non</strong></span> <span class='ocrx_word' id='word_1_461' title='bbox 1052 5251 1160 5323; x_wconf 81' lang='lat' dir='ltr'><strong>expedit</strong></span> 
     </span>
    </p>
   </div>
   <div class='ocr_carea' id='block_1_26' title="bbox 370 5344 1164 5687">
    <p class='ocr_par' dir='ltr' id='par_1_28' title="bbox 370 5344 1164 5687">
     <span class='ocr_line' id='line_1_66' title="bbox 370 5344 1161 5422; baseline -0.02 -11"><span class='ocrx_word' id='word_1_462' title='bbox 370 5356 454 5411; x_wconf 87' lang='lat' dir='ltr'><strong>sire.</strong></span> <span class='ocrx_word' id='word_1_463' title='bbox 481 5353 510 5409; x_wconf 80' lang='lat' dir='ltr'><strong>st</strong></span> <span class='ocrx_word' id='word_1_464' title='bbox 532 5354 634 5408; x_wconf 85' lang='lat' dir='ltr'><strong>ionum</strong></span> <span class='ocrx_word' id='word_1_465' title='bbox 659 5352 685 5407; x_wconf 87' lang='lat' dir='ltr'><strong>ei</strong></span> <span class='ocrx_word' id='word_1_466' title='bbox 711 5352 810 5422; x_wconf 85' lang='lat' dir='ltr'><strong>placet,</strong></span> <span class='ocrx_word' id='word_1_467' title='bbox 839 5358 867 5404; x_wconf 89' lang='lat' dir='ltr'><strong>et</strong></span> <span class='ocrx_word' id='word_1_468' title='bbox 891 5347 918 5402; x_wconf 92' lang='lat' dir='ltr'><strong>iu</strong></span> <span class='ocrx_word' id='word_1_469' title='bbox 951 5344 1046 5416; x_wconf 86' lang='lat' dir='ltr'><strong>requie</strong></span> <span class='ocrx_word' id='word_1_470' title='bbox 1069 5349 1161 5397; x_wconf 90' lang='lat' dir='ltr'><strong>manet</strong></span> 
     </span>
     <span class='ocr_line' id='line_1_67' title="bbox 371 5432 1162 5515; baseline -0.024 -11"><span class='ocrx_word' id='word_1_471' title='bbox 371 5452 437 5504; x_wconf 92' lang='lat' dir='ltr'><strong>dum</strong></span> <span class='ocrx_word' id='word_1_472' title='bbox 453 5446 518 5501; x_wconf 91' lang='lat' dir='ltr'><strong>illud</strong></span> <span class='ocrx_word' id='word_1_473' title='bbox 541 5455 681 5515; x_wconf 89' lang='lat' dir='ltr'><strong>operatur,</strong></span> <span class='ocrx_word' id='word_1_474' title='bbox 707 5456 835 5514; x_wconf 84' lang='lat' dir='ltr'><strong>uraguum</strong></span> <span class='ocrx_word' id='word_1_475' title='bbox 860 5448 926 5495; x_wconf 90' lang='lat' dir='ltr'><strong>est:</strong></span> <span class='ocrx_word' id='word_1_476' title='bbox 949 5436 971 5492; x_wconf 89' lang='lat' dir='ltr'><strong>si</strong></span> <span class='ocrx_word' id='word_1_477' title='bbox 995 5444 1086 5490; x_wconf 89' lang='lat' dir='ltr'><strong>autem</strong></span> <span class='ocrx_word' id='word_1_478' title='bbox 1105 5432 1162 5487; x_wconf 87' lang='lat' dir='ltr'><strong>dis·</strong></span> 
     </span>
     <span class='ocr_line' id='line_1_68' title="bbox 375 5522 1164 5610; baseline -0.02 -18"><span class='ocrx_word' id='word_1_479' title='bbox 375 5540 459 5610; x_wconf 84' lang='lat' dir='ltr'><strong>plicet</strong></span> <span class='ocrx_word' id='word_1_480' title='bbox 479 5544 507 5591; x_wconf 87' lang='lat' dir='ltr'><strong>et</strong></span> <span class='ocrx_word' id='word_1_481' title='bbox 520 5535 546 5589; x_wconf 91' lang='lat' dir='ltr'><strong>in</strong></span> <span class='ocrx_word' id='word_1_482' title='bbox 565 5533 755 5606; x_wconf 83' lang='lat' dir='ltr'><strong>inquictudine</strong></span> <span class='ocrx_word' id='word_1_483' title='bbox 777 5528 914 5594; x_wconf 89' lang='lat' dir='ltr'><strong>consistit,</strong></span> <span class='ocrx_word' id='word_1_484' title='bbox 935 5532 1100 5598; x_wconf 85' lang='lat' dir='ltr'><strong>parrumest</strong></span> <span class='ocrx_word' id='word_1_485' title='bbox 1114 5522 1164 5577; x_wconf 94' lang='lat' dir='ltr'><strong>bo·</strong></span> 
     </span>
     <span class='ocr_line' id='line_1_69' title="bbox 374 5646 451 5687; baseline -0.013 0"><span class='ocrx_word' id='word_1_486' title='bbox 374 5646 451 5687; x_wconf 85' lang='lat' dir='ltr'><strong>rrum.</strong></span> 
     </span>
    </p>
   </div>
   <div class='ocr_carea' id='block_1_27' title="bbox 375 5709 1166 5876">
    <p class='ocr_par' dir='ltr' id='par_1_29' title="bbox 375 5709 1166 5876">
     <span class='ocr_line' id='line_1_70' title="bbox 375 5709 1166 5779; baseline -0.021 -6"><span class='ocrx_word' id='word_1_487' title='bbox 375 5726 441 5779; x_wconf 63' lang='lat' dir='ltr'><strong>tina.</strong></span> <span class='ocrx_word' id='word_1_488' title='bbox 472 5720 590 5777; x_wconf 73' lang='lat' dir='ltr'><strong>lxxii.</strong></span> <span class='ocrx_word' id='word_1_489' title='bbox 621 5750 656 5761; x_wconf 89' lang='lat'><em>-</em></span> <span class='ocrx_word' id='word_1_490' title='bbox 685 5718 724 5772; x_wconf 83' lang='lat' dir='ltr'><strong>De</strong></span> <span class='ocrx_word' id='word_1_491' title='bbox 747 5714 887 5770; x_wconf 84' lang='lat' dir='ltr'><strong>iracundie</strong></span> <span class='ocrx_word' id='word_1_492' title='bbox 912 5721 937 5766; x_wconf 87' lang='lat' dir='ltr'><strong>et</strong></span> <span class='ocrx_word' id='word_1_493' title='bbox 963 5709 1098 5763; x_wconf 78' lang='lat' dir='ltr'><strong>urraietete</strong></span> <span class='ocrx_word' id='word_1_494' title='bbox 1121 5720 1166 5758; x_wconf 86' lang='lat' dir='ltr'><strong>na·</strong></span> 
     </span>
     <span class='ocr_line' id='line_1_71' title="bbox 411 5777 1165 5876; baseline -0.028 -28"><span class='ocrx_word' id='word_1_495' title='bbox 411 5810 491 5876; x_wconf 72' lang='lat' dir='ltr'><strong>quoru</strong></span> <span class='ocrx_word' id='word_1_496' title='bbox 516 5783 649 5856; x_wconf 74' lang='lat' dir='ltr'><strong>lr&#39;oruinir,</strong></span> <span class='ocrx_word' id='word_1_497' title='bbox 676 5798 700 5843; x_wconf 87' lang='lat' dir='ltr'><strong>et</strong></span> <span class='ocrx_word' id='word_1_498' title='bbox 726 5787 758 5841; x_wconf 87' lang='lat' dir='ltr'><strong>de</strong></span> <span class='ocrx_word' id='word_1_499' title='bbox 783 5786 880 5857; x_wconf 79' lang='lat' dir='ltr'><strong>guardia</strong></span> <span class='ocrx_word' id='word_1_500' title='bbox 903 5795 926 5837; x_wconf 83' lang='lat' dir='ltr'><strong>et</strong></span> <span class='ocrx_word' id='word_1_501' title='bbox 950 5778 1088 5834; x_wconf 82' lang='lat' dir='ltr'><strong>dulcedine</strong></span> <span class='ocrx_word' id='word_1_502' title='bbox 1116 5777 1165 5828; x_wconf 83' lang='lat' dir='ltr'><strong>nin</strong></span> 
     </span>
    </p>
   </div>
   <div class='ocr_carea' id='block_1_28' title="bbox 409 5866 1167 6036">
    <p class='ocr_par' dir='ltr' id='par_1_30' title="bbox 409 5866 1167 6036">
     <span class='ocr_line' id='line_1_72' title="bbox 425 5866 487 5918; baseline 0 -1"><span class='ocrx_word' id='word_1_503' title='bbox 425 5866 487 5918; x_wconf 79' lang='lat' dir='ltr'><strong>rusti.</strong></span> 
     </span>
     <span class='ocr_line' id='line_1_73' title="bbox 409 5882 1167 6036; baseline -0.025 -25"><span class='ocrx_word' id='word_1_504' title='bbox 409 5882 505 6013; x_wconf 74' lang='lat' dir='ltr'><strong>jllalus</strong></span> <span class='ocrx_word' id='word_1_505' title='bbox 520 5956 604 6012; x_wconf 79' lang='lat' dir='ltr'><strong>bonno</strong></span> <span class='ocrx_word' id='word_1_506' title='bbox 620 5951 709 6036; x_wconf 79' lang='lat' dir='ltr'><strong>plorat</strong></span> <span class='ocrx_word' id='word_1_507' title='bbox 736 5948 878 6005; x_wconf 85' lang='lat' dir='ltr'><strong>iracundia</strong></span> <span class='ocrx_word' id='word_1_508' title='bbox 894 5957 920 6001; x_wconf 90' lang='lat' dir='ltr'><strong>et</strong></span> <span class='ocrx_word' id='word_1_509' title='bbox 940 5943 1076 6000; x_wconf 80' lang='lat' dir='ltr'><strong>arrrietate</strong></span> <span class='ocrx_word' id='word_1_510' title='bbox 1095 5958 1102 6009; x_wconf 80' lang='lat'>3</span> <span class='ocrx_word' id='word_1_511' title='bbox 1127 5938 1167 5993; x_wconf 87' lang='lat' dir='ltr'><strong>rir</strong></span> 
     </span>
    </p>
   </div>
   <div class='ocr_carea' id='block_1_29' title="bbox 1178 1937 2010 3314">
    <p class='ocr_par' dir='ltr' id='par_1_31' title="bbox 1178 1937 1924 2030">
     <span class='ocr_line' id='line_1_74' title="bbox 1178 1937 1924 2030; baseline -0.017 -17"><span class='ocrx_word' id='word_1_512' title='bbox 1178 1965 1276 2030; x_wconf 87' lang='lat' dir='ltr'><strong>potest</strong></span> <span class='ocrx_word' id='word_1_513' title='bbox 1295 1973 1328 2014; x_wconf 85' lang='lat' dir='ltr'><strong>ex</strong></span> <span class='ocrx_word' id='word_1_514' title='bbox 1344 1955 1427 2011; x_wconf 88' lang='lat' dir='ltr'><strong>corde</strong></span> <span class='ocrx_word' id='word_1_515' title='bbox 1440 1937 1693 2018; x_wconf 55' lang='lat' dir='ltr'><strong>dimitteresmalns</strong></span> <span class='ocrx_word' id='word_1_516' title='bbox 1707 1964 1773 2004; x_wconf 86' lang='lat' dir='ltr'><strong>reru</strong></span> <span class='ocrx_word' id='word_1_517' title='bbox 1790 1946 1924 2025; x_wconf 84' lang='lat' dir='ltr'><strong>minime.</strong></span> 
     </span>
    </p>

    <p class='ocr_par' dir='ltr' id='par_1_32' title="bbox 1180 2036 1985 3124">
     <span class='ocr_line' id='line_1_75' title="bbox 1214 2036 1983 2117; baseline -0.021 -11"><span class='ocrx_word' id='word_1_518' title='bbox 1214 2052 1243 2106; x_wconf 74' lang='lat'><strong>2.</strong></span> <span class='ocrx_word' id='word_1_519' title='bbox 1259 2047 1495 2117; x_wconf 81' lang='lat' dir='ltr'><strong>Quemadmodum</strong></span> <span class='ocrx_word' id='word_1_520' title='bbox 1509 2046 1534 2101; x_wconf 89' lang='lat' dir='ltr'><strong>si</strong></span> <span class='ocrx_word' id='word_1_521' title='bbox 1549 2043 1661 2100; x_wconf 91' lang='lat' dir='ltr'><strong>cuilibet</strong></span> <span class='ocrx_word' id='word_1_522' title='bbox 1671 2041 1730 2098; x_wconf 89' lang='lat' dir='ltr'><strong>riro</strong></span> <span class='ocrx_word' id='word_1_523' title='bbox 1743 2038 1890 2095; x_wconf 88' lang='lat' dir='ltr'><strong>ditissimo</strong></span> <span class='ocrx_word' id='word_1_524' title='bbox 1902 2036 1983 2092; x_wconf 88' lang='lat' dir='ltr'><strong>dice·</strong></span> 
     </span>
     <span class='ocr_line' id='line_1_76' title="bbox 1180 2126 1981 2199; baseline -0.026 0"><span class='ocrx_word' id='word_1_525' title='bbox 1180 2152 1275 2199; x_wconf 87' lang='lat' dir='ltr'><strong>retur:</strong></span> <span class='ocrx_word' id='word_1_526' title='bbox 1295 2138 1413 2194; x_wconf 76' lang='lat' dir='ltr'><strong>‹Praebe</strong></span> <span class='ocrx_word' id='word_1_527' title='bbox 1435 2152 1522 2191; x_wconf 90' lang='lat' dir='ltr'><strong>unum</strong></span> <span class='ocrx_word' id='word_1_528' title='bbox 1551 2133 1662 2189; x_wconf 92' lang='lat' dir='ltr'><strong>obolum</strong></span> <span class='ocrx_word' id='word_1_529' title='bbox 1688 2139 1736 2186; x_wconf 86' lang='lat' dir='ltr'><strong>ant</strong></span> <span class='ocrx_word' id='word_1_530' title='bbox 1753 2126 1981 2191; x_wconf 61' lang='lat' dir='ltr'><strong>interamne»</strong></span> 
     </span>
     <span class='ocr_line' id='line_1_77' title="bbox 1181 2218 1983 2302; baseline -0.022 -12"><span class='ocrx_word' id='word_1_531' title='bbox 1181 2233 1262 2289; x_wconf 89' lang='lat' dir='ltr'><strong>iaclle</strong></span> <span class='ocrx_word' id='word_1_532' title='bbox 1281 2231 1413 2302; x_wconf 80' lang='lat' dir='ltr'><strong>praeberet</strong></span> <span class='ocrx_word' id='word_1_533' title='bbox 1427 2244 1489 2283; x_wconf 93' lang='lat' dir='ltr'><strong>cum</strong></span> <span class='ocrx_word' id='word_1_534' title='bbox 1504 2242 1554 2298; x_wconf 92' lang='lat' dir='ltr'><strong>pro</strong></span> <span class='ocrx_word' id='word_1_535' title='bbox 1568 2225 1623 2279; x_wconf 87' lang='lat' dir='ltr'><strong>rita</strong></span> <span class='ocrx_word' id='word_1_536' title='bbox 1638 2222 1779 2279; x_wconf 75' lang='lat' dir='ltr'><strong>cairande.</strong></span> <span class='ocrx_word' id='word_1_537' title='bbox 1796 2218 1827 2275; x_wconf 88' lang='lat' dir='ltr'><strong>Si</strong></span> <span class='ocrx_word' id='word_1_538' title='bbox 1843 2220 1910 2292; x_wconf 86' lang='lat' dir='ltr'><strong>quis</strong></span> <span class='ocrx_word' id='word_1_539' title='bbox 1930 2232 1983 2273; x_wconf 85' lang='lat' dir='ltr'><strong>aa·</strong></span> 
     </span>
     <span class='ocr_line' id='line_1_78' title="bbox 1182 2311 1981 2389; baseline -0.021 -8"><span class='ocrx_word' id='word_1_540' title='bbox 1182 2334 1236 2381; x_wconf 91' lang='lat' dir='ltr'><strong>tem</strong></span> <span class='ocrx_word' id='word_1_541' title='bbox 1252 2324 1355 2380; x_wconf 88' lang='lat' dir='ltr'><strong>diceret</strong></span> <span class='ocrx_word' id='word_1_542' title='bbox 1368 2321 1450 2376; x_wconf 88' lang='lat' dir='ltr'><strong>alicui</strong></span> <span class='ocrx_word' id='word_1_543' title='bbox 1461 2317 1596 2389; x_wconf 83' lang='lat' dir='ltr'><strong>pauperi:</strong></span> <span class='ocrx_word' id='word_1_544' title='bbox 1613 2335 1622 2368; x_wconf 84' lang='lat' dir='ltr'><strong>r</strong></span> <span class='ocrx_word' id='word_1_545' title='bbox 1642 2314 1681 2370; x_wconf 87' lang='lat' dir='ltr'><strong>lla</strong></span> <span class='ocrx_word' id='word_1_546' title='bbox 1696 2315 1771 2369; x_wconf 90' lang='lat' dir='ltr'><strong>mille</strong></span> <span class='ocrx_word' id='word_1_547' title='bbox 1786 2311 1925 2368; x_wconf 84' lang='lat' dir='ltr'><strong>manebas</strong></span> <span class='ocrx_word' id='word_1_548' title='bbox 1935 2324 1981 2365; x_wconf 84' lang='lat' dir='ltr'><strong>ar·</strong></span> 
     </span>
     <span class='ocr_line' id='line_1_79' title="bbox 1183 2407 1982 2491; baseline -0.025 -17"><span class='ocrx_word' id='word_1_549' title='bbox 1183 2418 1267 2491; x_wconf 87' lang='lat' dir='ltr'><strong>genti,</strong></span> <span class='ocrx_word' id='word_1_550' title='bbox 1281 2415 1324 2470; x_wconf 86' lang='lat' dir='ltr'><strong>rel</strong></span> <span class='ocrx_word' id='word_1_551' title='bbox 1339 2411 1526 2483; x_wconf 88' lang='lat' dir='ltr'><strong>suspenderis,</strong></span> <span class='ocrx_word' id='word_1_552' title='bbox 1544 2429 1553 2462; x_wconf 80' lang='lat' dir='ltr'><strong>r</strong></span> <span class='ocrx_word' id='word_1_553' title='bbox 1571 2407 1701 2477; x_wconf 87' lang='lat' dir='ltr'><strong>suspendi</strong></span> <span class='ocrx_word' id='word_1_554' title='bbox 1718 2411 1821 2475; x_wconf 86' lang='lat' dir='ltr'><strong>posset,</strong></span> <span class='ocrx_word' id='word_1_555' title='bbox 1853 2411 1882 2458; x_wconf 92' lang='lat' dir='ltr'><strong>ct</strong></span> <span class='ocrx_word' id='word_1_556' title='bbox 1910 2416 1982 2455; x_wconf 90' lang='lat' dir='ltr'><strong>nun·</strong></span> 
     </span>
     <span class='ocr_line' id='line_1_80' title="bbox 1183 2489 1982 2581; baseline -0.025 -18"><span class='ocrx_word' id='word_1_557' title='bbox 1183 2524 1266 2581; x_wconf 80' lang='lat' dir='ltr'><strong>quam</strong></span> <span class='ocrx_word' id='word_1_558' title='bbox 1280 2522 1328 2560; x_wconf 88' lang='lat' dir='ltr'><strong>eas</strong></span> <span class='ocrx_word' id='word_1_559' title='bbox 1343 2504 1486 2562; x_wconf 83' lang='lat' dir='ltr'><strong>tribueret,</strong></span> <span class='ocrx_word' id='word_1_560' title='bbox 1502 2498 1632 2571; x_wconf 81' lang='lat' dir='ltr'><strong>quoniam</strong></span> <span class='ocrx_word' id='word_1_561' title='bbox 1653 2512 1708 2552; x_wconf 86' lang='grc' dir='ltr'>ιιοιι</span> <span class='ocrx_word' id='word_1_562' title='bbox 1732 2495 1858 2549; x_wconf 87' lang='lat' dir='ltr'><strong>baberet.</strong></span> <span class='ocrx_word' id='word_1_563' title='bbox 1879 2489 1929 2545; x_wconf 87' lang='lat' dir='ltr'><strong>Sic</strong></span> <span class='ocrx_word' id='word_1_564' title='bbox 1955 2499 1982 2544; x_wconf 84' lang='lat' dir='ltr'><strong>et</strong></span> 
     </span>
     <span class='ocr_line' id='line_1_81' title="bbox 1184 2582 1980 2660; baseline -0.025 -6"><span class='ocrx_word' id='word_1_565' title='bbox 1184 2599 1227 2655; x_wconf 83' lang='lat' dir='ltr'><strong>rin</strong></span> <span class='ocrx_word' id='word_1_566' title='bbox 1242 2598 1385 2652; x_wconf 87' lang='lat' dir='ltr'><strong>bonusest</strong></span> <span class='ocrx_word' id='word_1_567' title='bbox 1398 2602 1454 2647; x_wconf 87' lang='lat' dir='ltr'><strong>tam</strong></span> <span class='ocrx_word' id='word_1_568' title='bbox 1470 2589 1616 2660; x_wconf 91' lang='lat' dir='ltr'><strong>opulentus</strong></span> <span class='ocrx_word' id='word_1_569' title='bbox 1628 2588 1655 2640; x_wconf 93' lang='lat' dir='ltr'><strong>in</strong></span> <span class='ocrx_word' id='word_1_570' title='bbox 1671 2586 1755 2651; x_wconf 89' lang='lat' dir='ltr'><strong>boiro,</strong></span> <span class='ocrx_word' id='word_1_571' title='bbox 1771 2582 1848 2654; x_wconf 86' lang='lat' dir='ltr'><strong>quod</strong></span> <span class='ocrx_word' id='word_1_572' title='bbox 1866 2582 1980 2646; x_wconf 70' lang='lat' dir='ltr'><strong>minime</strong></span> 
     </span>
     <span class='ocr_line' id='line_1_82' title="bbox 1186 2673 1982 2765; baseline -0.028 -18"><span class='ocrx_word' id='word_1_573' title='bbox 1186 2701 1315 2765; x_wconf 86' lang='lat' dir='ltr'><strong>gravatur</strong></span> <span class='ocrx_word' id='word_1_574' title='bbox 1334 2677 1399 2743; x_wconf 85' lang='lat' dir='ltr'><strong>duur</strong></span> <span class='ocrx_word' id='word_1_575' title='bbox 1417 2701 1450 2739; x_wconf 84' lang='lat' dir='ltr'><strong>cx</strong></span> <span class='ocrx_word' id='word_1_576' title='bbox 1477 2682 1558 2738; x_wconf 89' lang='lat' dir='ltr'><strong>eorde</strong></span> <span class='ocrx_word' id='word_1_577' title='bbox 1573 2679 1707 2736; x_wconf 86' lang='lat' dir='ltr'><strong>dimittit:</strong></span> <span class='ocrx_word' id='word_1_578' title='bbox 1722 2684 1830 2732; x_wconf 91' lang='lat' dir='ltr'><strong>tantum</strong></span> <span class='ocrx_word' id='word_1_579' title='bbox 1859 2673 1982 2744; x_wconf 85' lang='lat' dir='ltr'><strong>repletur</strong></span> 
     </span>
     <span class='ocr_line' id='line_1_83' title="bbox 1187 2766 1983 2848; baseline -0.026 -11"><span class='ocrx_word' id='word_1_580' title='bbox 1187 2779 1365 2848; x_wconf 81' lang='lat' dir='ltr'><strong>indulgentia,</strong></span> <span class='ocrx_word' id='word_1_581' title='bbox 1387 2775 1459 2845; x_wconf 86' lang='lat' dir='ltr'><strong>qnod</strong></span> <span class='ocrx_word' id='word_1_582' title='bbox 1476 2782 1554 2827; x_wconf 79' lang='lat' dir='ltr'><strong>aritea</strong></span> <span class='ocrx_word' id='word_1_583' title='bbox 1567 2769 1703 2825; x_wconf 91' lang='lat' dir='ltr'><strong>condonat</strong></span> <span class='ocrx_word' id='word_1_584' title='bbox 1717 2782 1799 2837; x_wconf 84' lang='lat' dir='ltr'><strong>grranr</strong></span> <span class='ocrx_word' id='word_1_585' title='bbox 1816 2766 1854 2820; x_wconf 90' lang='lat' dir='ltr'><strong>ab</strong></span> <span class='ocrx_word' id='word_1_586' title='bbox 1873 2779 1907 2818; x_wconf 84' lang='lat' dir='ltr'><strong>co</strong></span> <span class='ocrx_word' id='word_1_587' title='bbox 1932 2778 1983 2833; x_wconf 92' lang='lat' dir='ltr'><strong>po·</strong></span> 
     </span>
     <span class='ocr_line' id='line_1_84' title="bbox 1187 2854 1985 2933; baseline -0.025 -5"><span class='ocrx_word' id='word_1_588' title='bbox 1187 2874 1314 2929; x_wconf 88' lang='lat' dir='ltr'><strong>stnletur.</strong></span> <span class='ocrx_word' id='word_1_589' title='bbox 1327 2869 1415 2924; x_wconf 88' lang='lat' dir='ltr'><strong>llalus</strong></span> <span class='ocrx_word' id='word_1_590' title='bbox 1429 2881 1494 2921; x_wconf 91' lang='lat' dir='ltr'><strong>rero</strong></span> <span class='ocrx_word' id='word_1_591' title='bbox 1513 2866 1569 2919; x_wconf 77' lang='lat' dir='ltr'><strong>mm</strong></span> <span class='ocrx_word' id='word_1_592' title='bbox 1588 2876 1693 2933; x_wconf 87' lang='lat' dir='ltr'><strong>pauper</strong></span> <span class='ocrx_word' id='word_1_593' title='bbox 1705 2869 1748 2915; x_wconf 90' lang='lat' dir='ltr'><strong>est</strong></span> <span class='ocrx_word' id='word_1_594' title='bbox 1760 2860 1788 2912; x_wconf 94' lang='lat' dir='ltr'><strong>in</strong></span> <span class='ocrx_word' id='word_1_595' title='bbox 1808 2858 1896 2921; x_wconf 85' lang='lat' dir='ltr'><strong>beno,</strong></span> <span class='ocrx_word' id='word_1_596' title='bbox 1910 2854 1985 2925; x_wconf 86' lang='lat' dir='ltr'><strong>quod</strong></span> 
     </span>
     <span class='ocr_line' id='line_1_85' title="bbox 1188 2945 1984 3027; baseline -0.026 -7"><span class='ocrx_word' id='word_1_597' title='bbox 1188 2966 1344 3020; x_wconf 89' lang='lat' dir='ltr'><strong>nullatenus</strong></span> <span class='ocrx_word' id='word_1_598' title='bbox 1355 2961 1408 3015; x_wconf 92' lang='lat' dir='ltr'><strong>boc</strong></span> <span class='ocrx_word' id='word_1_599' title='bbox 1423 2957 1495 3012; x_wconf 87' lang='lat' dir='ltr'><strong>ualet</strong></span> <span class='ocrx_word' id='word_1_600' title='bbox 1508 2969 1598 3027; x_wconf 87' lang='lat' dir='ltr'><strong>agere,</strong></span> <span class='ocrx_word' id='word_1_601' title='bbox 1616 2967 1666 3007; x_wconf 91' lang='lat' dir='ltr'><strong>nec</strong></span> <span class='ocrx_word' id='word_1_602' title='bbox 1677 2952 1759 3007; x_wconf 90' lang='lat' dir='ltr'><strong>etiam</strong></span> <span class='ocrx_word' id='word_1_603' title='bbox 1778 2948 1895 3004; x_wconf 88' lang='lat' dir='ltr'><strong>credere</strong></span> <span class='ocrx_word' id='word_1_604' title='bbox 1908 2945 1984 3017; x_wconf 81' lang='lat' dir='ltr'><strong>quod</strong></span> 
     </span>
     <span class='ocr_line' id='line_1_86' title="bbox 1189 3050 1687 3124; baseline -0.026 -12"><span class='ocrx_word' id='word_1_605' title='bbox 1189 3055 1288 3112; x_wconf 90' lang='lat' dir='ltr'><strong>abono</strong></span> <span class='ocrx_word' id='word_1_606' title='bbox 1303 3052 1469 3124; x_wconf 70' lang='lat' dir='ltr'><strong>perliclatur.</strong></span> <span class='ocrx_word' id='word_1_607' title='bbox 1685 3050 1687 3053; x_wconf 83' lang='lat'>&#39;</span> 
     </span>
    </p>

    <p class='ocr_par' dir='ltr' id='par_1_33' title="bbox 1191 3126 2010 3314">
     <span class='ocr_line' id='line_1_87' title="bbox 1225 3126 2010 3217; baseline -0.023 -10"><span class='ocrx_word' id='word_1_608' title='bbox 1225 3152 1251 3207; x_wconf 71' lang='grc' dir='ltr'><strong>ὅ.</strong></span> <span class='ocrx_word' id='word_1_609' title='bbox 1268 3150 1316 3206; x_wconf 79' lang='lat' dir='ltr'><strong>list</strong></span> <span class='ocrx_word' id='word_1_610' title='bbox 1331 3159 1421 3204; x_wconf 90' lang='lat' dir='ltr'><strong>autem</strong></span> <span class='ocrx_word' id='word_1_611' title='bbox 1442 3146 1542 3217; x_wconf 85' lang='lat' dir='ltr'><strong>aliquis</strong></span> <span class='ocrx_word' id='word_1_612' title='bbox 1560 3143 1608 3215; x_wconf 85' lang='lat' dir='ltr'><strong>qui</strong></span> <span class='ocrx_word' id='word_1_613' title='bbox 1628 3142 1663 3199; x_wconf 91' lang='lat' dir='ltr'><strong>ob</strong></span> <span class='ocrx_word' id='word_1_614' title='bbox 1690 3138 1850 3211; x_wconf 86' lang='lat' dir='ltr'><strong>superbiam</strong></span> <span class='ocrx_word' id='word_1_615' title='bbox 1881 3136 1986 3206; x_wconf 84' lang='lat' dir='ltr'><strong>respuit</strong></span> <span class='ocrx_word' id='word_1_616' title='bbox 2007 3126 2010 3130; x_wconf 75' lang='grc'><strong>’</strong></span> 
     </span>
     <span class='ocr_line' id='line_1_88' title="bbox 1191 3228 1990 3314; baseline -0.024 -16"><span class='ocrx_word' id='word_1_617' title='bbox 1191 3241 1399 3314; x_wconf 78' lang='lat' dir='ltr'><strong>indulgentiam,</strong></span> <span class='ocrx_word' id='word_1_618' title='bbox 1418 3255 1480 3295; x_wconf 92' lang='lat' dir='ltr'><strong>cum</strong></span> <span class='ocrx_word' id='word_1_619' title='bbox 1507 3254 1523 3291; x_wconf 89' lang='lat' dir='ltr'><strong>a</strong></span> <span class='ocrx_word' id='word_1_620' title='bbox 1542 3238 1601 3290; x_wconf 84' lang='lat' dir='ltr'><strong>uiro</strong></span> <span class='ocrx_word' id='word_1_621' title='bbox 1622 3234 1698 3306; x_wconf 78' lang='lat' dir='ltr'><strong>iusto</strong></span> <span class='ocrx_word' id='word_1_622' title='bbox 1725 3230 1778 3286; x_wconf 89' lang='lat' dir='ltr'><strong>sibi</strong></span> <span class='ocrx_word' id='word_1_623' title='bbox 1804 3228 1990 3300; x_wconf 82' lang='lat' dir='ltr'><strong>impendatur,</strong></span> 
     </span>
    </p>
   </div>
   <div class='ocr_carea' id='block_1_30' title="bbox 1153 3316 1986 3405">
    <p class='ocr_par' dir='ltr' id='par_1_34' title="bbox 1153 3316 1986 3405">
     <span class='ocr_line' id='line_1_89' title="bbox 1153 3316 1986 3405; baseline -0.026 -14"><span class='ocrx_word' id='word_1_624' title='bbox 1153 3343 1177 3405; x_wconf 82' lang='lat' dir='ltr'><strong>c</strong></span> <span class='ocrx_word' id='word_1_625' title='bbox 1191 3334 1286 3390; x_wconf 88' lang='lat' dir='ltr'><strong>dicens</strong></span> <span class='ocrx_word' id='word_1_626' title='bbox 1297 3350 1304 3386; x_wconf 91' lang='lat'>:</span> <span class='ocrx_word' id='word_1_627' title='bbox 1317 3351 1326 3384; x_wconf 86' lang='grc' dir='ltr'><strong>ι</strong></span> <span class='ocrx_word' id='word_1_628' title='bbox 1340 3328 1399 3385; x_wconf 86' lang='lat' dir='ltr'><strong>Non</strong></span> <span class='ocrx_word' id='word_1_629' title='bbox 1415 3342 1482 3384; x_wconf 92' lang='lat' dir='ltr'><strong>curo</strong></span> <span class='ocrx_word' id='word_1_630' title='bbox 1498 3335 1527 3380; x_wconf 92' lang='lat' dir='ltr'><strong>ut</strong></span> <span class='ocrx_word' id='word_1_631' title='bbox 1539 3326 1606 3380; x_wconf 87' lang='lat' dir='ltr'><strong>ruilri</strong></span> <span class='ocrx_word' id='word_1_632' title='bbox 1621 3323 1752 3379; x_wconf 85' lang='lat' dir='ltr'><strong>dimittas.</strong></span> <span class='ocrx_word' id='word_1_633' title='bbox 1769 3338 1779 3371; x_wconf 83' lang='lat' dir='ltr'><strong>r</strong></span> <span class='ocrx_word' id='word_1_634' title='bbox 1800 3316 1931 3385; x_wconf 81' lang='lat' dir='ltr'><strong>Quivero</strong></span> <span class='ocrx_word' id='word_1_635' title='bbox 1942 3330 1986 3370; x_wconf 84' lang='lat' dir='ltr'><strong>re·</strong></span> 
     </span>
    </p>
   </div>
   <div class='ocr_carea' id='block_1_31' title="bbox 1193 3405 1989 3772">
    <p class='ocr_par' dir='ltr' id='par_1_35' title="bbox 1193 3405 1989 3772">
     <span class='ocr_line' id='line_1_90' title="bbox 1193 3405 1989 3479; baseline -0.024 -2"><span class='ocrx_word' id='word_1_636' title='bbox 1193 3421 1352 3479; x_wconf 84' lang='lat' dir='ltr'><strong>missionem</strong></span> <span class='ocrx_word' id='word_1_637' title='bbox 1370 3419 1480 3474; x_wconf 74' lang='lat' dir='ltr'><strong>exbibet</strong></span> <span class='ocrx_word' id='word_1_638' title='bbox 1495 3431 1556 3470; x_wconf 87' lang='lat' dir='ltr'><strong>carn</strong></span> <span class='ocrx_word' id='word_1_639' title='bbox 1574 3413 1677 3468; x_wconf 88' lang='lat' dir='ltr'><strong>nolenti</strong></span> <span class='ocrx_word' id='word_1_640' title='bbox 1700 3411 1829 3479; x_wconf 87' lang='lat' dir='ltr'><strong>recipcre,</strong></span> <span class='ocrx_word' id='word_1_641' title='bbox 1862 3407 1906 3462; x_wconf 83' lang='lat' dir='ltr'><strong>sic</strong></span> <span class='ocrx_word' id='word_1_642' title='bbox 1931 3405 1989 3476; x_wconf 84' lang='lat' dir='ltr'><strong>agit</strong></span> 
     </span>
     <span class='ocr_line' id='line_1_91' title="bbox 1194 3500 1986 3587; baseline -0.023 -14"><span class='ocrx_word' id='word_1_643' title='bbox 1194 3534 1226 3574; x_wconf 90' lang='grc' dir='ltr'><strong>ιι</strong></span> <span class='ocrx_word' id='word_1_644' title='bbox 1239 3518 1261 3571; x_wconf 89' lang='lat' dir='ltr'><strong>si</strong></span> <span class='ocrx_word' id='word_1_645' title='bbox 1278 3531 1380 3587; x_wconf 86' lang='lat' dir='ltr'><strong>prunas</strong></span> <span class='ocrx_word' id='word_1_646' title='bbox 1398 3529 1480 3583; x_wconf 88' lang='lat' dir='ltr'><strong>snper</strong></span> <span class='ocrx_word' id='word_1_647' title='bbox 1495 3518 1579 3579; x_wconf 89' lang='lat' dir='ltr'><strong>caput</strong></span> <span class='ocrx_word' id='word_1_648' title='bbox 1595 3515 1622 3562; x_wconf 91' lang='lat' dir='ltr'><strong>ct</strong></span> <span class='ocrx_word' id='word_1_649' title='bbox 1636 3507 1766 3559; x_wconf 90' lang='lat' dir='ltr'><strong>lrnrueros</strong></span> <span class='ocrx_word' id='word_1_650' title='bbox 1789 3501 1813 3557; x_wconf 91' lang='lat' dir='ltr'><strong>ei</strong></span> <span class='ocrx_word' id='word_1_651' title='bbox 1845 3500 1986 3573; x_wconf 70' lang='lat' dir='ltr'><strong>perderet.</strong></span> 
     </span>
     <span class='ocr_line' id='line_1_92' title="bbox 1195 3590 1989 3678; baseline -0.026 -13"><span class='ocrx_word' id='word_1_652' title='bbox 1195 3611 1348 3678; x_wconf 82' lang='lat' dir='ltr'><strong>Taruoperc</strong></span> <span class='ocrx_word' id='word_1_653' title='bbox 1362 3602 1530 3675; x_wconf 85' lang='lat' dir='ltr'><strong>superbienti</strong></span> <span class='ocrx_word' id='word_1_654' title='bbox 1541 3608 1623 3670; x_wconf 85' lang='lat' dir='ltr'><strong>atque</strong></span> <span class='ocrx_word' id='word_1_655' title='bbox 1635 3592 1792 3667; x_wconf 74' lang='lat' dir='ltr'><strong>dedignanti</strong></span> <span class='ocrx_word' id='word_1_656' title='bbox 1807 3606 1890 3664; x_wconf 83' lang='lat' dir='ltr'><strong>poena</strong></span> <span class='ocrx_word' id='word_1_657' title='bbox 1903 3590 1989 3647; x_wconf 89' lang='lat' dir='ltr'><strong>inler-</strong></span> 
     </span>
     <span class='ocr_line' id='line_1_93' title="bbox 1196 3703 1408 3772; baseline -0.028 -15"><span class='ocrx_word' id='word_1_658' title='bbox 1196 3703 1267 3758; x_wconf 89' lang='lat' dir='ltr'><strong>nalis</strong></span> <span class='ocrx_word' id='word_1_659' title='bbox 1282 3710 1408 3772; x_wconf 85' lang='lat' dir='ltr'><strong>augetur.</strong></span> 
     </span>
    </p>
   </div>
   <div class='ocr_carea' id='block_1_32' title="bbox 1199 3797 2007 5544">
    <p class='ocr_par' dir='ltr' id='par_1_36' title="bbox 1214 3797 1970 3879">
     <span class='ocr_line' id='line_1_94' title="bbox 1214 3797 1970 3879; baseline -0.025 -10"><span class='ocrx_word' id='word_1_660' title='bbox 1214 3814 1279 3870; x_wconf 82' lang='lat' dir='ltr'><strong>Cur.</strong></span> <span class='ocrx_word' id='word_1_661' title='bbox 1295 3810 1414 3867; x_wconf 75' lang='lat' dir='ltr'><strong>Llle&#39;l.</strong></span> <span class='ocrx_word' id='word_1_662' title='bbox 1428 3840 1463 3850; x_wconf 95' lang='lat'><em>-</em></span> <span class='ocrx_word' id='word_1_663' title='bbox 1478 3810 1517 3863; x_wconf 83' lang='lat' dir='ltr'><strong>lle</strong></span> <span class='ocrx_word' id='word_1_664' title='bbox 1542 3808 1625 3879; x_wconf 84' lang='lat' dir='ltr'><strong>poenr&#39;r</strong></span> <span class='ocrx_word' id='word_1_665' title='bbox 1637 3817 1702 3876; x_wconf 83' lang='lat' dir='ltr'><strong>quur</strong></span> <span class='ocrx_word' id='word_1_666' title='bbox 1713 3804 1854 3874; x_wconf 83' lang='lat' dir='ltr'><strong>potiuntur</strong></span> <span class='ocrx_word' id='word_1_667' title='bbox 1864 3797 1970 3871; x_wconf 76' lang='lat' dir='ltr'><strong>injusti.</strong></span> 
     </span>
    </p>

    <p class='ocr_par' dir='ltr' id='par_1_37' title="bbox 1199 3889 1998 4989">
     <span class='ocr_line' id='line_1_95' title="bbox 1232 3889 1991 3973; baseline -0.022 -13"><span class='ocrx_word' id='word_1_668' title='bbox 1232 3904 1302 3960; x_wconf 85' lang='lat' dir='ltr'><strong>l.ln</strong></span> <span class='ocrx_word' id='word_1_669' title='bbox 1328 3904 1381 3959; x_wconf 87' lang='lat' dir='ltr'><strong>boc</strong></span> <span class='ocrx_word' id='word_1_670' title='bbox 1409 3910 1499 3973; x_wconf 86' lang='lat' dir='ltr'><strong>potest</strong></span> <span class='ocrx_word' id='word_1_671' title='bbox 1524 3898 1638 3968; x_wconf 88' lang='lat' dir='ltr'><strong>intelligi</strong></span> <span class='ocrx_word' id='word_1_672' title='bbox 1666 3896 1738 3967; x_wconf 82' lang='lat' dir='ltr'><strong>urmd</strong></span> <span class='ocrx_word' id='word_1_673' title='bbox 1755 3909 1862 3965; x_wconf 84' lang='lat' dir='ltr'><strong>nragnre</strong></span> <span class='ocrx_word' id='word_1_674' title='bbox 1885 3889 1991 3946; x_wconf 85' lang='lat' dir='ltr'><strong>luerint</strong></span> 
     </span>
     <span class='ocr_line' id='line_1_96' title="bbox 1199 3977 1993 4069; baseline -0.025 -16"><span class='ocrx_word' id='word_1_675' title='bbox 1199 4012 1285 4069; x_wconf 74' lang='lat' dir='ltr'><strong>prenae</strong></span> <span class='ocrx_word' id='word_1_676' title='bbox 1299 4010 1370 4066; x_wconf 87' lang='lat' dir='ltr'><strong>quas</strong></span> <span class='ocrx_word' id='word_1_677' title='bbox 1383 3993 1484 4062; x_wconf 85' lang='lat' dir='ltr'><strong>impius</strong></span> <span class='ocrx_word' id='word_1_678' title='bbox 1498 3990 1625 4060; x_wconf 88' lang='lat' dir='ltr'><strong>patietur.</strong></span> <span class='ocrx_word' id='word_1_679' title='bbox 1646 3985 1707 4042; x_wconf 84' lang='lat' dir='ltr'><strong>Vult</strong></span> <span class='ocrx_word' id='word_1_680' title='bbox 1722 3986 1796 4042; x_wconf 83' lang='lat' dir='ltr'><strong>enim</strong></span> <span class='ocrx_word' id='word_1_681' title='bbox 1817 3982 1892 4037; x_wconf 84' lang='lat' dir='ltr'><strong>Deus</strong></span> <span class='ocrx_word' id='word_1_682' title='bbox 1906 3992 1936 4035; x_wconf 92' lang='lat' dir='ltr'><strong>ut</strong></span> <span class='ocrx_word' id='word_1_683' title='bbox 1948 3977 1993 4035; x_wconf 86' lang='lat' dir='ltr'><strong>sul</strong></span> 
     </span>
     <span class='ocr_line' id='line_1_97' title="bbox 1200 4071 1992 4145; baseline -0.025 -1"><span class='ocrx_word' id='word_1_684' title='bbox 1200 4087 1293 4144; x_wconf 88' lang='lat' dir='ltr'><strong>lidclcs</strong></span> <span class='ocrx_word' id='word_1_685' title='bbox 1309 4088 1336 4140; x_wconf 91' lang='lat' dir='ltr'><strong>iu</strong></span> <span class='ocrx_word' id='word_1_686' title='bbox 1355 4086 1406 4139; x_wconf 91' lang='lat' dir='ltr'><strong>bac</strong></span> <span class='ocrx_word' id='word_1_687' title='bbox 1422 4084 1478 4137; x_wconf 86' lang='lat' dir='ltr'><strong>rita</strong></span> <span class='ocrx_word' id='word_1_688' title='bbox 1495 4081 1686 4136; x_wconf 89' lang='lat' dir='ltr'><strong>tribulationes</strong></span> <span class='ocrx_word' id='word_1_689' title='bbox 1698 4077 1853 4133; x_wconf 84' lang='lat' dir='ltr'><strong>sustineant</strong></span> <span class='ocrx_word' id='word_1_690' title='bbox 1869 4088 1921 4145; x_wconf 87' lang='lat' dir='ltr'><strong>pro</strong></span> <span class='ocrx_word' id='word_1_691' title='bbox 1934 4071 1992 4126; x_wconf 82' lang='lat' dir='ltr'><strong>suis</strong></span> 
     </span>
     <span class='ocr_line' id='line_1_98' title="bbox 1200 4164 1992 4253; baseline -0.023 -18"><span class='ocrx_word' id='word_1_692' title='bbox 1200 4179 1320 4253; x_wconf 82' lang='lat' dir='ltr'><strong>peccatis</strong></span> <span class='ocrx_word' id='word_1_693' title='bbox 1336 4176 1513 4239; x_wconf 85' lang='lat' dir='ltr'><strong>redimendis,</strong></span> <span class='ocrx_word' id='word_1_694' title='bbox 1528 4174 1630 4244; x_wconf 78' lang='lat' dir='ltr'><strong>utribus</strong></span> <span class='ocrx_word' id='word_1_695' title='bbox 1644 4186 1722 4226; x_wconf 85' lang='lat' dir='ltr'><strong>suant</strong></span> <span class='ocrx_word' id='word_1_696' title='bbox 1742 4177 1859 4224; x_wconf 89' lang='lat' dir='ltr'><strong>nrortcm</strong></span> <span class='ocrx_word' id='word_1_697' title='bbox 1889 4164 1992 4240; x_wconf 76' lang='lat' dir='ltr'><strong>addidit</strong></span> 
     </span>
     <span class='ocr_line' id='line_1_99' title="bbox 1202 4258 1992 4342; baseline -0.024 -15"><span class='ocrx_word' id='word_1_698' title='bbox 1202 4262 1284 4342; x_wconf 78' lang='lat' dir='ltr'><strong>atquc</strong></span> <span class='ocrx_word' id='word_1_699' title='bbox 1311 4285 1391 4324; x_wconf 91' lang='lat' dir='ltr'><strong>suum</strong></span> <span class='ocrx_word' id='word_1_700' title='bbox 1421 4268 1543 4321; x_wconf 83' lang='lat' dir='ltr'><strong>laborem</strong></span> <span class='ocrx_word' id='word_1_701' title='bbox 1572 4264 1605 4318; x_wconf 90' lang='lat' dir='ltr'><strong>ad</strong></span> <span class='ocrx_word' id='word_1_702' title='bbox 1630 4263 1741 4316; x_wconf 90' lang='lat' dir='ltr'><strong>illorum</strong></span> <span class='ocrx_word' id='word_1_703' title='bbox 1761 4258 1992 4327; x_wconf 87' lang='lat' dir='ltr'><strong>redcrnptiouem.</strong></span> 
     </span>
     <span class='ocr_line' id='line_1_100' title="bbox 1202 4349 1994 4431; baseline -0.02 -15"><span class='ocrx_word' id='word_1_704' title='bbox 1202 4361 1327 4431; x_wconf 72' lang='lat' dir='ltr'><strong>mulque</strong></span> <span class='ocrx_word' id='word_1_705' title='bbox 1342 4373 1417 4413; x_wconf 90' lang='lat' dir='ltr'><strong>mors</strong></span> <span class='ocrx_word' id='word_1_706' title='bbox 1432 4357 1477 4411; x_wconf 89' lang='lat' dir='ltr'><strong>illa</strong></span> <span class='ocrx_word' id='word_1_707' title='bbox 1491 4355 1559 4410; x_wconf 90' lang='lat' dir='ltr'><strong>nilril</strong></span> <span class='ocrx_word' id='word_1_708' title='bbox 1574 4352 1685 4424; x_wconf 86' lang='lat' dir='ltr'><strong>prodest</strong></span> <span class='ocrx_word' id='word_1_709' title='bbox 1705 4350 1845 4422; x_wconf 82' lang='lat' dir='ltr'><strong>perituris,</strong></span> <span class='ocrx_word' id='word_1_710' title='bbox 1865 4349 1924 4403; x_wconf 92' lang='lat' dir='ltr'><strong>imo</strong></span> <span class='ocrx_word' id='word_1_711' title='bbox 1936 4359 1994 4418; x_wconf 77' lang='lat' dir='ltr'><strong>pur-</strong></span> 
     </span>
     <span class='ocr_line' id='line_1_101' title="bbox 1204 4443 1994 4526; baseline -0.022 -13"><span class='ocrx_word' id='word_1_712' title='bbox 1204 4473 1267 4512; x_wconf 88' lang='lat' dir='ltr'><strong>uam</strong></span> <span class='ocrx_word' id='word_1_713' title='bbox 1282 4457 1322 4512; x_wconf 91' lang='lat' dir='ltr'><strong>eis</strong></span> <span class='ocrx_word' id='word_1_714' title='bbox 1337 4455 1474 4526; x_wconf 89' lang='lat' dir='ltr'><strong>adauget:</strong></span> <span class='ocrx_word' id='word_1_715' title='bbox 1489 4467 1539 4506; x_wconf 88' lang='lat' dir='ltr'><strong>nce</strong></span> <span class='ocrx_word' id='word_1_716' title='bbox 1553 4458 1664 4520; x_wconf 88' lang='lat' dir='ltr'><strong>propter</strong></span> <span class='ocrx_word' id='word_1_717' title='bbox 1678 4454 1788 4517; x_wconf 85' lang='lat' dir='ltr'><strong>peccata</strong></span> <span class='ocrx_word' id='word_1_718' title='bbox 1804 4459 1854 4500; x_wconf 87' lang='grc' dir='ltr'><strong>ιιι</strong></span> <span class='ocrx_word' id='word_1_719' title='bbox 1871 4443 1994 4498; x_wconf 84' lang='lat' dir='ltr'><strong>laborem</strong></span> 
     </span>
     <span class='ocr_line' id='line_1_102' title="bbox 1206 4519 1996 4616; baseline -0.022 -13"><span class='ocrx_word' id='word_1_720' title='bbox 1206 4548 1323 4604; x_wconf 86' lang='lat' dir='ltr'><strong>tolerarit</strong></span> <span class='ocrx_word' id='word_1_721' title='bbox 1334 4562 1415 4616; x_wconf 86' lang='lat' dir='ltr'><strong>quem</strong></span> <span class='ocrx_word' id='word_1_722' title='bbox 1429 4544 1500 4599; x_wconf 87' lang='lat' dir='ltr'><strong>ileus</strong></span> <span class='ocrx_word' id='word_1_723' title='bbox 1511 4542 1637 4612; x_wconf 86' lang='lat' dir='ltr'><strong>recipiat,</strong></span> <span class='ocrx_word' id='word_1_724' title='bbox 1655 4539 1711 4592; x_wconf 92' lang='lat' dir='ltr'><strong>imo</strong></span> <span class='ocrx_word' id='word_1_725' title='bbox 1727 4544 1863 4608; x_wconf 74' lang='lat' dir='ltr'><strong>querutum</strong></span> <span class='ocrx_word' id='word_1_726' title='bbox 1892 4519 1996 4604; x_wconf 74' lang='lat' dir='ltr'><strong>praera-</strong></span> 
     </span>
     <span class='ocr_line' id='line_1_103' title="bbox 1206 4623 1996 4704; baseline -0.024 -7"><span class='ocrx_word' id='word_1_727' title='bbox 1206 4643 1261 4697; x_wconf 85' lang='lat' dir='ltr'><strong>leut</strong></span> <span class='ocrx_word' id='word_1_728' title='bbox 1273 4657 1304 4696; x_wconf 86' lang='lat' dir='ltr'><strong>ea</strong></span> <span class='ocrx_word' id='word_1_729' title='bbox 1317 4639 1430 4701; x_wconf 88' lang='lat' dir='ltr'><strong>iaciunt,</strong></span> <span class='ocrx_word' id='word_1_730' title='bbox 1446 4645 1474 4691; x_wconf 91' lang='lat' dir='ltr'><strong>ct</strong></span> <span class='ocrx_word' id='word_1_731' title='bbox 1488 4635 1551 4690; x_wconf 93' lang='lat' dir='ltr'><strong>inde</strong></span> <span class='ocrx_word' id='word_1_732' title='bbox 1563 4633 1631 4704; x_wconf 86' lang='lat' dir='ltr'><strong>justi</strong></span> <span class='ocrx_word' id='word_1_733' title='bbox 1647 4645 1707 4686; x_wconf 87' lang='lat' dir='ltr'><strong>sese</strong></span> <span class='ocrx_word' id='word_1_734' title='bbox 1729 4627 1901 4684; x_wconf 87' lang='lat' dir='ltr'><strong>custodiunt.</strong></span> <span class='ocrx_word' id='word_1_735' title='bbox 1925 4623 1996 4679; x_wconf 74' lang='lat' dir='ltr'><strong>Scir-i</strong></span> 
     </span>
     <span class='ocr_line' id='line_1_104' title="bbox 1206 4717 1998 4807; baseline -0.027 -16"><span class='ocrx_word' id='word_1_736' title='bbox 1206 4744 1296 4807; x_wconf 88' lang='lat' dir='ltr'><strong>potest</strong></span> <span class='ocrx_word' id='word_1_737' title='bbox 1320 4734 1412 4803; x_wconf 84' lang='lat' dir='ltr'><strong>itaque</strong></span> <span class='ocrx_word' id='word_1_738' title='bbox 1438 4727 1511 4801; x_wconf 87' lang='lat' dir='ltr'><strong>quod</strong></span> <span class='ocrx_word' id='word_1_739' title='bbox 1535 4741 1662 4797; x_wconf 90' lang='lat' dir='ltr'><strong>magnam</strong></span> <span class='ocrx_word' id='word_1_740' title='bbox 1693 4737 1801 4794; x_wconf 86' lang='lat' dir='ltr'><strong>poenurn</strong></span> <span class='ocrx_word' id='word_1_741' title='bbox 1830 4728 1896 4776; x_wconf 88' lang='lat' dir='ltr'><strong>sunt</strong></span> <span class='ocrx_word' id='word_1_742' title='bbox 1919 4717 1998 4772; x_wconf 85' lang='lat' dir='ltr'><strong>babi-</strong></span> 
     </span>
     <span class='ocr_line' id='line_1_105' title="bbox 1207 4811 1997 4895; baseline -0.025 -12"><span class='ocrx_word' id='word_1_743' title='bbox 1207 4830 1280 4895; x_wconf 87' lang='lat' dir='ltr'><strong>turi;</strong></span> <span class='ocrx_word' id='word_1_744' title='bbox 1297 4828 1344 4883; x_wconf 90' lang='lat' dir='ltr'><strong>sed</strong></span> <span class='ocrx_word' id='word_1_745' title='bbox 1361 4826 1487 4881; x_wconf 75' lang='lat' dir='ltr'><strong>voluutas</strong></span> <span class='ocrx_word' id='word_1_746' title='bbox 1500 4819 1631 4892; x_wconf 88' lang='lat' dir='ltr'><strong>peccandi</strong></span> <span class='ocrx_word' id='word_1_747' title='bbox 1647 4817 1737 4873; x_wconf 90' lang='lat' dir='ltr'><strong>aulert</strong></span> <span class='ocrx_word' id='word_1_748' title='bbox 1750 4815 1791 4870; x_wconf 89' lang='lat' dir='ltr'><strong>cis</strong></span> <span class='ocrx_word' id='word_1_749' title='bbox 1819 4811 1997 4867; x_wconf 72' lang='lat' dir='ltr'><strong>formidinem</strong></span> 
     </span>
     <span class='ocr_line' id='line_1_106' title="bbox 1208 4899 1684 4989; baseline -0.025 -16"><span class='ocrx_word' id='word_1_750' title='bbox 1208 4935 1304 4989; x_wconf 70' lang='lat' dir='ltr'><strong>prenae.</strong></span> <span class='ocrx_word' id='word_1_751' title='bbox 1671 4899 1684 4916; x_wconf 82' lang='lat'><em>⁰</em></span> 
     </span>
    </p>

    <p class='ocr_par' dir='ltr' id='par_1_38' title="bbox 1209 4998 2007 5544">
     <span class='ocr_line' id='line_1_107' title="bbox 1243 4998 2001 5071; baseline -0.022 -6"><span class='ocrx_word' id='word_1_752' title='bbox 1243 5010 1270 5064; x_wconf 66' lang='grc' dir='ltr'><strong>ι.</strong></span> <span class='ocrx_word' id='word_1_753' title='bbox 1292 5009 1359 5063; x_wconf 87' lang='lat' dir='ltr'><strong>Tam</strong></span> <span class='ocrx_word' id='word_1_754' title='bbox 1380 5008 1467 5063; x_wconf 86' lang='lat' dir='ltr'><strong>irdelis</strong></span> <span class='ocrx_word' id='word_1_755' title='bbox 1485 5013 1528 5060; x_wconf 90' lang='lat' dir='ltr'><strong>est</strong></span> <span class='ocrx_word' id='word_1_756' title='bbox 1554 5003 1626 5058; x_wconf 81' lang='lat' dir='ltr'><strong>bens</strong></span> <span class='ocrx_word' id='word_1_757' title='bbox 1641 4998 1836 5071; x_wconf 81' lang='lat' dir='ltr'><strong>ortodnrarult</strong></span> <span class='ocrx_word' id='word_1_758' title='bbox 1859 5011 1876 5050; x_wconf 85' lang='lat' dir='ltr'><strong>a</strong></span> <span class='ocrx_word' id='word_1_759' title='bbox 1896 5009 1926 5050; x_wconf 84' lang='lat' dir='ltr'><strong>se</strong></span> <span class='ocrx_word' id='word_1_760' title='bbox 1949 5006 2001 5064; x_wconf 85' lang='lat' dir='ltr'><strong>po·</strong></span> 
     </span>
     <span class='ocr_line' id='line_1_108' title="bbox 1209 5077 2003 5168; baseline -0.026 -9"><span class='ocrx_word' id='word_1_761' title='bbox 1209 5103 1306 5159; x_wconf 89' lang='lat' dir='ltr'><strong>stulari</strong></span> <span class='ocrx_word' id='word_1_762' title='bbox 1321 5115 1448 5168; x_wconf 79' lang='lat' dir='ltr'><strong>raragrnnn</strong></span> <span class='ocrx_word' id='word_1_763' title='bbox 1465 5096 1566 5167; x_wconf 85' lang='lat' dir='ltr'><strong>aliquid</strong></span> <span class='ocrx_word' id='word_1_764' title='bbox 1578 5110 1660 5166; x_wconf 85' lang='lat' dir='ltr'><strong>quam</strong></span> <span class='ocrx_word' id='word_1_765' title='bbox 1677 5091 1832 5147; x_wconf 89' lang='lat' dir='ltr'><strong>minimum.</strong></span> <span class='ocrx_word' id='word_1_766' title='bbox 1845 5077 1919 5142; x_wconf 76' lang='lat' dir='ltr'><strong>Cum</strong></span> <span class='ocrx_word' id='word_1_767' title='bbox 1936 5098 2003 5139; x_wconf 86' lang='lat' dir='ltr'><strong>rero</strong></span> 
     </span>
     <span class='ocr_line' id='line_1_109' title="bbox 1209 5178 2003 5262; baseline -0.024 -12"><span class='ocrx_word' id='word_1_768' title='bbox 1209 5197 1303 5251; x_wconf 91' lang='lat' dir='ltr'><strong>minus</strong></span> <span class='ocrx_word' id='word_1_769' title='bbox 1316 5194 1351 5248; x_wconf 89' lang='lat' dir='ltr'><strong>ab</strong></span> <span class='ocrx_word' id='word_1_770' title='bbox 1365 5208 1398 5248; x_wconf 94' lang='lat' dir='ltr'><strong>eo</strong></span> <span class='ocrx_word' id='word_1_771' title='bbox 1413 5190 1578 5262; x_wconf 89' lang='lat' dir='ltr'><strong>postulatur,</strong></span> <span class='ocrx_word' id='word_1_772' title='bbox 1595 5187 1721 5242; x_wconf 83' lang='lat' dir='ltr'><strong>videlicet</strong></span> <span class='ocrx_word' id='word_1_773' title='bbox 1739 5182 1824 5253; x_wconf 81' lang='lat' dir='ltr'><strong>liujus</strong></span> <span class='ocrx_word' id='word_1_774' title='bbox 1839 5179 1934 5236; x_wconf 80' lang='lat' dir='ltr'><strong>saeculi</strong></span> <span class='ocrx_word' id='word_1_775' title='bbox 1960 5178 2003 5233; x_wconf 92' lang='lat' dir='ltr'><strong>di·</strong></span> 
     </span>
     <span class='ocr_line' id='line_1_110' title="bbox 1211 5270 2005 5357; baseline -0.023 -14"><span class='ocrx_word' id='word_1_776' title='bbox 1211 5289 1293 5353; x_wconf 81' lang='lat' dir='ltr'><strong>ritiae,</strong></span> <span class='ocrx_word' id='word_1_777' title='bbox 1311 5286 1477 5357; x_wconf 88' lang='lat' dir='ltr'><strong>quandoque</strong></span> <span class='ocrx_word' id='word_1_778' title='bbox 1488 5282 1660 5351; x_wconf 85' lang='lat' dir='ltr'><strong>denegatur:</strong></span> <span class='ocrx_word' id='word_1_779' title='bbox 1676 5276 1766 5346; x_wconf 84' lang='lat' dir='ltr'><strong>majus</strong></span> <span class='ocrx_word' id='word_1_780' title='bbox 1792 5284 1884 5329; x_wconf 88' lang='lat' dir='ltr'><strong>autem</strong></span> <span class='ocrx_word' id='word_1_781' title='bbox 1903 5270 2005 5341; x_wconf 85' lang='lat' dir='ltr'><strong>siquis</strong></span> 
     </span>
     <span class='ocr_line' id='line_1_111' title="bbox 1212 5364 2004 5447; baseline -0.029 -9"><span class='ocrx_word' id='word_1_782' title='bbox 1212 5383 1247 5437; x_wconf 89' lang='lat' dir='ltr'><strong>ab</strong></span> <span class='ocrx_word' id='word_1_783' title='bbox 1261 5398 1294 5437; x_wconf 92' lang='lat' dir='ltr'><strong>eo</strong></span> <span class='ocrx_word' id='word_1_784' title='bbox 1308 5380 1377 5433; x_wconf 81' lang='lat' dir='ltr'><strong>bern</strong></span> <span class='ocrx_word' id='word_1_785' title='bbox 1386 5374 1493 5447; x_wconf 87' lang='lat' dir='ltr'><strong>petierit</strong></span> <span class='ocrx_word' id='word_1_786' title='bbox 1507 5373 1584 5428; x_wconf 90' lang='lat' dir='ltr'><strong>dabit</strong></span> <span class='ocrx_word' id='word_1_787' title='bbox 1598 5370 1657 5427; x_wconf 88' lang='lat' dir='ltr'><strong>sinc</strong></span> <span class='ocrx_word' id='word_1_788' title='bbox 1668 5368 1763 5432; x_wconf 91' lang='lat' dir='ltr'><strong>dubio,</strong></span> <span class='ocrx_word' id='word_1_789' title='bbox 1780 5364 1908 5419; x_wconf 83' lang='lat' dir='ltr'><strong>uidelicet</strong></span> <span class='ocrx_word' id='word_1_790' title='bbox 1920 5376 2004 5418; x_wconf 81' lang='lat' dir='ltr'><strong>auum</strong></span> 
     </span>
     <span class='ocr_line' id='line_1_112' title="bbox 1213 5451 2007 5544; baseline -0.026 -17"><span class='ocrx_word' id='word_1_791' title='bbox 1213 5487 1342 5544; x_wconf 88' lang='lat' dir='ltr'><strong>regnum:</strong></span> <span class='ocrx_word' id='word_1_792' title='bbox 1356 5476 1383 5524; x_wconf 93' lang='lat' dir='ltr'><strong>ct</strong></span> <span class='ocrx_word' id='word_1_793' title='bbox 1398 5475 1429 5522; x_wconf 91' lang='grc' dir='ltr'><strong>ιι</strong></span> <span class='ocrx_word' id='word_1_794' title='bbox 1441 5464 1532 5522; x_wconf 90' lang='lat' dir='ltr'><strong>trabat</strong></span> <span class='ocrx_word' id='word_1_795' title='bbox 1541 5462 1575 5518; x_wconf 88' lang='lat' dir='ltr'><strong>ad</strong></span> <span class='ocrx_word' id='word_1_796' title='bbox 1590 5461 1698 5527; x_wconf 81' lang='lat' dir='ltr'><strong>nebus,</strong></span> <span class='ocrx_word' id='word_1_797' title='bbox 1707 5456 1843 5515; x_wconf 88' lang='lat' dir='ltr'><strong>subtrabit</strong></span> <span class='ocrx_word' id='word_1_798' title='bbox 1853 5451 2007 5525; x_wconf 86' lang='lat' dir='ltr'><strong>aliquando</strong></span> 
     </span>
    </p>
   </div>
   <div class='ocr_carea' id='block_1_33' title="bbox 1213 5564 2007 5724">
    <p class='ocr_par' dir='ltr' id='par_1_39' title="bbox 1213 5564 2007 5724">
     <span class='ocr_line' id='line_1_113' title="bbox 1213 5564 1471 5620; baseline -0.027 0"><span class='ocrx_word' id='word_1_799' title='bbox 1213 5564 1345 5620; x_wconf 88' lang='lat' dir='ltr'><strong>deterius.</strong></span> <span class='ocrx_word' id='word_1_800' title='bbox 1458 5587 1471 5599; x_wconf 90' lang='lat'><em>·</em></span> 
     </span>
     <span class='ocr_line' id='line_1_114' title="bbox 1250 5619 2007 5724; baseline -0.024 -13"><span class='ocrx_word' id='word_1_801' title='bbox 1250 5658 1277 5711; x_wconf 80' lang='lat'><strong>5.</strong></span> <span class='ocrx_word' id='word_1_802' title='bbox 1290 5619 1464 5724; x_wconf 85' lang='lat' dir='ltr'><strong>Quisqulsin</strong></span> <span class='ocrx_word' id='word_1_803' title='bbox 1478 5664 1546 5720; x_wconf 89' lang='lat' dir='ltr'><strong>paee</strong></span> <span class='ocrx_word' id='word_1_804' title='bbox 1559 5657 1587 5703; x_wconf 93' lang='lat' dir='ltr'><strong>ct</strong></span> <span class='ocrx_word' id='word_1_805' title='bbox 1601 5645 1700 5719; x_wconf 88' lang='lat' dir='ltr'><strong>gaudio</strong></span> <span class='ocrx_word' id='word_1_806' title='bbox 1716 5621 1844 5710; x_wconf 86' lang='lat' dir='ltr'><strong>sustinet,</strong></span> <span class='ocrx_word' id='word_1_807' title='bbox 1865 5655 1930 5697; x_wconf 89' lang='lat' dir='ltr'><strong>eum</strong></span> <span class='ocrx_word' id='word_1_808' title='bbox 1955 5653 2007 5694; x_wconf 87' lang='lat' dir='ltr'><strong>ne-</strong></span> 
     </span>
    </p>
   </div>
   <div class='ocr_carea' id='block_1_34' title="bbox 1159 5732 2009 5806">
    <p class='ocr_par' dir='ltr' id='par_1_40' title="bbox 1159 5732 2009 5806">
     <span class='ocr_line' id='line_1_115' title="bbox 1159 5732 2009 5806; baseline -0.027 2"><span class='ocrx_word' id='word_1_809' title='bbox 1159 5775 1164 5785; x_wconf 91' lang='lat'><strong>·</strong></span> <span class='ocrx_word' id='word_1_810' title='bbox 1216 5747 1334 5806; x_wconf 78' lang='lat' dir='ltr'><strong>cessaria</strong></span> <span class='ocrx_word' id='word_1_811' title='bbox 1357 5745 1440 5802; x_wconf 90' lang='lat' dir='ltr'><strong>rictui</strong></span> <span class='ocrx_word' id='word_1_812' title='bbox 1467 5758 1523 5798; x_wconf 93' lang='lat' dir='ltr'><strong>non</strong></span> <span class='ocrx_word' id='word_1_813' title='bbox 1551 5741 1645 5805; x_wconf 89' lang='lat' dir='ltr'><strong>babet,</strong></span> <span class='ocrx_word' id='word_1_814' title='bbox 1664 5738 1786 5793; x_wconf 91' lang='lat' dir='ltr'><strong>nondum</strong></span> <span class='ocrx_word' id='word_1_815' title='bbox 1814 5732 1935 5805; x_wconf 81' lang='lat' dir='ltr'><strong>perlecta</strong></span> <span class='ocrx_word' id='word_1_816' title='bbox 1965 5739 2009 5786; x_wconf 79' lang='lat' dir='ltr'><strong>cst</strong></span> 
     </span>
    </p>
   </div>
   <div class='ocr_carea' id='block_1_35' title="bbox 1217 5822 2010 6001">
    <p class='ocr_par' dir='ltr' id='par_1_41' title="bbox 1217 5822 2010 6001">
     <span class='ocr_line' id='line_1_116' title="bbox 1217 5822 2009 5908; baseline -0.027 -9"><span class='ocrx_word' id='word_1_817' title='bbox 1217 5844 1369 5908; x_wconf 83' lang='lat' dir='ltr'><strong>abstinens,</strong></span> <span class='ocrx_word' id='word_1_818' title='bbox 1386 5849 1505 5894; x_wconf 91' lang='lat' dir='ltr'><strong>attamen</strong></span> <span class='ocrx_word' id='word_1_819' title='bbox 1519 5835 1588 5889; x_wconf 89' lang='lat' dir='ltr'><strong>bone</strong></span> <span class='ocrx_word' id='word_1_820' title='bbox 1604 5832 1686 5898; x_wconf 62' lang='lat' dir='ltr'><strong>lecim</strong></span> <span class='ocrx_word' id='word_1_821' title='bbox 1705 5829 1753 5886; x_wconf 88' lang='lat' dir='ltr'><strong>sed</strong></span> <span class='ocrx_word' id='word_1_822' title='bbox 1780 5838 1846 5884; x_wconf 91' lang='lat' dir='ltr'><strong>tunc</strong></span> <span class='ocrx_word' id='word_1_823' title='bbox 1860 5835 1905 5881; x_wconf 86' lang='lat' dir='ltr'><strong>est</strong></span> <span class='ocrx_word' id='word_1_824' title='bbox 1920 5822 2009 5880; x_wconf 84' lang='lat' dir='ltr'><strong>absti·</strong></span> 
     </span>
     <span class='ocr_line' id='line_1_117' title="bbox 1219 5916 2010 6001; baseline -0.023 -12"><span class='ocrx_word' id='word_1_825' title='bbox 1219 5935 1309 5989; x_wconf 86' lang='lat' dir='ltr'><strong>nentia</strong></span> <span class='ocrx_word' id='word_1_826' title='bbox 1331 5931 1448 6001; x_wconf 82' lang='lat' dir='ltr'><strong>perlecta</strong></span> <span class='ocrx_word' id='word_1_827' title='bbox 1464 5928 1529 5983; x_wconf 85' lang='lat' dir='ltr'><strong>duur</strong></span> <span class='ocrx_word' id='word_1_828' title='bbox 1555 5925 1636 5980; x_wconf 89' lang='lat' dir='ltr'><strong>babet</strong></span> <span class='ocrx_word' id='word_1_829' title='bbox 1650 5936 1743 5979; x_wconf 88' lang='lat' dir='ltr'><strong>eoram</strong></span> <span class='ocrx_word' id='word_1_830' title='bbox 1759 5935 1787 5976; x_wconf 89' lang='lat' dir='ltr'><strong>se</strong></span> <span class='ocrx_word' id='word_1_831' title='bbox 1816 5916 1890 5989; x_wconf 71' lang='grc' dir='ltr'>ιιοιι</span> <span class='ocrx_word' id='word_1_832' title='bbox 1906 5928 2010 5978; x_wconf 70' lang='lat' dir='ltr'><strong>cornea</strong></span> 
     </span>
    </p>
   </div>
   <div class='ocr_carea' id='block_1_36' title="bbox 0 0 2364 6756">
    <p class='ocr_par' dir='ltr' id='par_1_42' title="bbox 0 0 2364 6756">
     <span class='ocr_line' id='line_1_118' title="bbox 0 0 2364 6756; baseline 0 0"><span class='ocrx_word' id='word_1_833' title='bbox 0 0 2364 6756; x_wconf 95' lang='lat' dir='ltr'><strong> </strong></span> 
     </span>
    </p>
   </div>
  </div>
 </body>
</html>
