4584 6767
379 606 459 679 ‘ion
731 625 771 637 ··
920 612 950 668 s.
973 610 1146 683 srnrnnu
1165 609 1495 675 onnnnvnoannnsns
1849 622 1857 634 -
1967 611 2034 674 ron

391 753 454 796 enan
478 733 651 806 adiuvarent,
668 735 811 799 eoeperunt
824 742 887 781 eum
902 727 1078 784 vehementer
1091 728 1182 782 incre·
1198 732 1220 787 Α
1235 745 1286 785 nos
1303 730 1425 794 nurrtios,
1451 737 1588 799 quatenus
1614 726 1790 783 orationibus
1818 727 1929 784 nostris
1961 730 2034 800 epod

381 842 457 901 'pare
471 835 553 896 atque
570 823 745 891 redarguere,
759 828 787 875 et
801 818 827 874 ei
841 834 911 901 ‘curn
935 833 1033 891 magna
1051 820 1181 890 indigna-
1234 820 1320 876 bruni
1333 831 1360 876 et
1375 820 1405 875 B.
1420 820 1590 889 Stcpbaaum
1613 819 1639 873 ei
1665 819 1800 875 auxilium
1823 819 2032 877 conferremus.

388 922 464 979 tione
476 918 590 974 dicere:
611 912 708 980 «Quid
726 910 795 984 agis,
816 910 1001 966 miserhomo
1020 926 1052 967 ac
1066 911 1182 968 misera·
1234 913 1385 968 Aatdientcs
1408 912 1545 981 siquidem
1571 910 1785 967 invaletudinem
1811 911 1857 968 sui
1879 913 2032 983 corporis,

388 1012 472 1071 bilisl
487 1008 584 1066 Nonne
595 1006 801 1064 comburentem
820 1012 901 1075 atque
916 1005 1110 1061 devastantem«
1122 1020 1182 1060 om·
1234 1006 1354 1073 graviter
1369 1004 1525 1074 affligimur.
1541 1000 1606 1057 Erat
1619 1003 1693 1058 enim
1710 1004 1818 1059 anricus
1829 1014 1930 1060 noster
1951 1014 2034 1073 atque

389 1097 688 1171 aiaignemcopiosum
699 1095 733 1150 ad
748 1095 786 1149 tui
803 1093 949 1164 perniciem
966 1092 1058 1149 venire
1072 1093 1183 1149 cernis?
1234 1096 1477 1166 consanguineus,
1504 1110 1604 1165 genere
1635 1110 1746 1166 quoque
1771 1105 1856 1166 atque
1885 1096 2034 1152 nobilitate

388 1189 539 1256 Permitte,
566 1174 755 1252 obsecramus,
782 1193 811 1239 ut
837 1185 884 1238 alii
910 1183 945 1238 ad
974 1183 1180 1253 exspoliandam
1233 1189 1405 1259 perspicuus.
1422 1185 1657 1243 [indebatresin
1674 1203 1759 1243 unum
1787 1196 2035 1251 convocantes,er

370 1260 501 1341 ¹tlontuln
518 1279 723 1351 ingrediamur,
749 1278 794 1333 alii
820 1293 902 1348 super
929 1286 1028 1333 tectum
1047 1278 1181 1333 ascenda-
1234 1295 1290 1336 rem
1307 1280 1393 1350 ipsam
1407 1278 1711 1351 eisdemsiqnibcantes
1723 1320 1731 1345 ,
1745 1277 1923 1347 injunximus
1939 1286 1973 1333 ut
1984 1294 2035 1351 pro

388 1390 461 1441 mus,
478 1384 507 1428 ut
522 1372 565 1428 vel
577 1371 617 1427 sic
632 1370 745 1424 domum
758 1382 832 1423 trram
848 1376 876 1422 et
891 1355 983 1422 omnia
995 1368 1067 1423 bona
1082 1377 1129 1424 tua
1147 1369 1183 1423 ab
1234 1387 1267 1428 eo
1291 1381 1421 1440 orarent,
1447 1382 1475 1429 et
1496 1373 1629 1428 auxilium
1657 1388 1673 1427 a
1700 1371 1817 1427 [lomina
1842 1371 2033 1442 postularent,

387 1465 461 1537 ique,
477 1465 532 1519 lleo
546 1462 673 1527 volente,
697 1460 859 1530 eripiamus.
879 1478 889 1510 ι
906 1458 1012 1527 Quibus
1027 1435 1071 1514 ille
1087 1460 1135 1527 ait,
1153 1468 1184 1514 ot
1234 1473 1383 1535 quatenus,
1408 1464 1595 1521 intercedente
1609 1466 1689 1521 beato
1706 1462 1847 1534 Stephano
1866 1462 2035 1519 confessore

386 1563 447 1612 erat
466 1570 572 1625 magnae
592 1549 653 1607 lidel
669 1559 696 1605 ct
711 1551 855 1621 probitatis
878 1551 930 1618 vir,
958 1550 1040 1620 qnasi
1061 1551 1182 1607 subsan·
1234 1556 1422 1623 sanctissimo,
1438 1555 1512 1612 Dens
1529 1569 1557 1611 et
1581 1555 1717 1611 Dominus
1733 1555 1870 1622 nostere‘t
1891 1554 2034 1610 auxilium

387 1647 479 1703 nando
496 1657 523 1702 et
544 1644 712 1715 irrerepando
732 1644 899 1714 respondit:
918 1664 926 1696 ι
946 1642 1051 1711 Videte,
1076 1645 1183 1700 cbaris—
1233 1647 1268 1703 (le
1283 1647 1412 1717 supernis
1426 1645 1553 1703 conferre
1578 1646 1748 1717 dignaretur.
1764 1640 2035 1699 Postmodum'vero

387 1741 463 1804 sinti,
478 1740 569 1794 videte
583 1753 616 1793 ne
633 1736 763 1801 feceritis,
787 1736 896 1791 conlido
918 1736 945 1789 in
964 1735 1031 1801 Deo,
1050 1738 1115 1807 quia
1132 1738 1183 1793 (lo-
1233 1739 1322 1795 vcluci
1339 1755 1423 1796 cursu
1439 1739 1568 1795 nuntium
1590 1748 1716 1795 nostrum
1734 1753 1796 1793 eum
1811 1736 1927 1793 lerculis
1943 1750 2035 1807 agro·

386 1845 450 1886 mus
466 1845 536 1893 vinea,
557 1828 612 1884 beo
632 1829 795 1889 auxiliante,
812 1833 839 1881 el
862 1828 943 1882 beato
959 1827 1099 1897 Stephano
1119 1844 1183 1883 sne·
1233 1830 1301 1885 tanti
1317 1831 1482 1887 necessariis
1503 1830 1611 1886 mittere
1626 1831 1794 1885 curavimus.
1824 1827 1956 1899 Cumque
1981 1827 2033 1882 do·
2058 1817 2060 1821 ’

386 1930 525 1986 currente,
539 1935 712 1989 rnequaqnam
723 1920 758 1973 ab
769 1919 822 1973 isto
832 1918 958 1974 incendio
969 1918 1182 1973 modooombnri
1234 1937 1310 1977 muru
1329 1922 1425 1993 aemoti
1451 1920 1569 1977 lestines
1597 1921 1731 1988 intraret,
1757 1921 1865 1977 invenit
1890 1934 1958 1976 eum
1973 1918 2033 1990 iam

386 2013 430 2068 vel
444 2012 581 2068 devastari
598 2011 706 2080 poterit.
724 2008 864 2077 Recedite,
890 2010 1019 2075 recedite,
1040 2010 1102 2064 allis
1117 2026 1182 2066 suc·
1234 2014 1357 2085 positum
1373 2014 1399 2067 in
1415 2014 1507 2069 cinere
1520 1997 1663 2081 etcllieio,
1675 2020 1706 2068 ut
1718 2012 1804 2068 moris
1822 2019 1867 2068 est
1888 2009 2034 2066 Cbristia·

383 2106 505 2166 currite,
525 2103 593 2156 mibi
618 2116 684 2156 vero
712 2101 836 2156 miniano.
866 2100 915 2157 Est
942 2101 1015 2157 alius
1036 2118 1116 2173 quem
1134 2117 1183 2159 vos
1200 2089 1221 2145 Β
1236 2106 1280 2161 nis
1298 2104 1381 2172 mori,
1396 2105 1501 2160 amieos
1516 2104 1577 2175 ejus
1589 2102 1726 2174 ejulantes
1744 2117 1777 2157 ac
1797 2100 1915 2167 flentcs,
1932 2107 1963 2156 et
1984 2114 2032 2154 aa·

386 2197 500 2252 nescitis
514 2196 558 2249 vel
574 2194 666 2248 videre
681 2193 805 2264 potestis,
832 2192 879 2263 qui
898 2208 941 2248 me
953 2193 1061 2264 juvabit
1083 2204 1110 2248 ct
1133 2195 1185 2249 do·
1236 2198 1347 2267 sequias
1365 2204 1561 2269 preparantes,
1575 2194 1747 2264 clericosque
1770 2194 1894 2264 psalmos
1907 2191 2032 2263 psallen-

387 2301 463 2341 mnm
480 2299 569 2339 meam
586 2283 621 2338 ab
640 2281 693 2338 istu
705 2282 833 2337 incendio
848 2281 986 2338 liberabit.
1004 2302 1013 2334 ι
1032 2284 1065 2338 Ει
1083 2285 1182 2339 iterum
1234 2298 1278 2345 tos
1294 2300 1321 2344 et
1333 2297 1474 2345 canentes.
1490 2287 1605 2343 lacebat
1618 2286 1754 2357 siqnidem
1770 2284 1850 2355 qnasi
1874 2292 2032 2347 mortuus,

388 2386 470 2447 atquo
486 2377 585 2431 iterum
600 2375 736 2431 clamabat
752 2390 814 2430 eum
828 2390 927 2445 magna
943 2392 1010 2431 voce
1031 2394 1037 2433 :
1057 2394 1067 2428 ι
1081 2375 1184 2433 Sancte
1234 2382 1303 2437 nibil
1331 2382 1443 2453 penitus
1467 2381 1584 2447 videns,
1612 2389 1701 2449 neque
1719 2378 1844 2434 audiens.
1869 2375 1940 2432 Erat
1953 2376 2029 2431 enim

388 2468 436 2523 llci
453 2467 601 2537 Stephane,
615 2466 682 2521 mibi
698 2465 812 2537 indigno
834 2464 939 2522 lamule
963 2475 1009 2522 tuo
1027 2469 1181 2533 auxiliare,
1233 2475 1325 2546 vigilia
1341 2472 1470 2528 Omnium
1494 2471 1669 2528 sanctorum.
1695 2468 1858 2526 Convoeans
1874 2482 1941 2524 enm
1965 2485 2028 2526 cnm

386 2568 414 2615 et
429 2560 541 2614 donnrm
558 2573 646 2612 meam
659 2573 719 2627 cquae
732 2565 777 2612 tna
792 2567 834 2613 cst
845 2558 879 2611 ab
894 2556 948 2612 isto
963 2558 1024 2630 igne
1037 2558 1179 2615 deiende.»
1234 2584 1336 2640 magno
1356 2569 1477 2624 clamore
1498 2566 1612 2622 nunnius
1626 2564 1789 2636 praedictus,
1803 2571 1911 2619 etcum
1925 2580 2031 2636 magno

386 2653 428 2707 dd
443 2653 514 2706 barre
530 2664 624 2705 vocem
641 2650 733 2705 subito
750 2649 821 2720 ignis
840 2649 885 2704 ille
909 2650 1080 2719 dissolvitur,
1101 2651 1181 2723 legit,
1233 2658 1350 2728 ejulatu,
1379 2657 1463 2726 carpit
1484 2656 1510 2710 ei
1535 2655 1626 2710 dicere
1647 2673 1653 2708 :
1680 2672 1691 2707 ι
1718 2652 1833 2709 Domine
1858 2653 1922 2709 lteri
1937 2694 1946 2720 ,
1964 2671 2029 2712 eece

386 2750 414 2800 et
429 2742 606 2807 concutitur,
627 2741 726 2795 nonius
749 2740 833 2796 illaesa
858 2739 973 2812 abipso
995 2742 1181 2814 relinquitur;
1233 2748 1331 2802 adsunt
1351 2746 1466 2801 nurstius
1480 2744 1585 2799 domini
1604 2740 1704 2812 prioris
1725 2739 1956 2807 Grandimontis,
1976 2742 2028 2796 ob·

387 2834 460 2890 brus
479 2847 544 2887 vero
567 2831 760 2899 benedicitur,
777 2841 803 2887 et
821 2842 934 2890 sanetus
956 2832 1004 2890 bei
1023 2832 1183 2907 Stephanus
1234 2853 1313 2894 sccro
1329 2851 1378 2892 ros
1390 2850 1440 2906 pro
1454 2849 1548 2890 annone
1563 2833 1660 2905 ipsius,
1676 2842 1704 2888 et
1720 2831 1926 2902 prodileetione
1941 2849 2027 2905 quam

387 2926 495 2996 magnis
515 2922 643 2992 laudibus
657 2923 807 2978 extollitur.
829 2921 884 2979 Nee
900 2925 1013 2989 mirum,
1030 2929 1095 2998 quia
1112 2929 1183 3000 ignis
1232 2943 1296 2999 erga
1314 2942 1377 2982 eunt
1390 2924 1507 2991 habetis,
1523 2935 1659 2995 qnatenus
1675 2924 1703 2979 iu
1721 2923 1803 2979 corle
1817 2931 1926 2991 vestro,
1942 2923 1967 2979 si
1981 2933 2022 2981 ta·

388 3016 435 3073 ille
465 3031 567 3087 omnes*
593 3016 690 3071 dornos
713 3015 905 3071 devastaverat
935 3018 1181 3091 circumquaque,
1233 3036 1297 3077 meo
1309 3036 1357 3075 ore
1372 3034 1426 3074 non
1440 3018 1566 3088 potestis,
1581 3017 1733 3072 orationem
1747 3014 1869 3073 lundatis
1883 3016 1918 3072 ad
1930 3015 2027 3071 bonai·

386 3124 439 3165 nee
476 3095 590 3163 domurn
624 3106 698 3161 illam
733 3123 855 3178 unquam
881 3117 991 3179 tangere
1031 3120 1181 3180 potuerat,
1234 3127 1313 3180 num,
1326 3119 1463 3181 quatenus
1478 3124 1528 3179 pro
1539 3123 1633 3163 amore
1648 3117 1675 3163 et
1687 3109 1792 3163 lionore
1803 3107 1876 3163 beati
1890 3106 2026 3179 Stephani

390 3198 455 3269 quia
478 3198 566 3252 virtus
587 3196 679 3252 divina
703 3197 776 3251 illam
800 3212 849 3267 per
876 3198 987 3254 beatum
1013 3198 1181 3270 Stephanum
1234 3203 1401 3261 cnrdcssoris
1419 3217 1468 3256 vos
1481 3216 1514 3255 cx
1529 3201 1580 3255 bac
1593 3199 1777 3255 invaletudine
1789 3199 1916 3255 relaxare
1929 3200 2027 3272 dique·

387 3290 592 3345 observaverat.
611 3286 711 3343 Postea
727 3304 793 3343 vero
807 3290 849 3342 vir
868 3289 914 3345 ille
933 3305 995 3345 cuna
1013 3291 1069 3348 lilio
1088 3309 1139 3348 suo
1155 3295 1181 3349 in
1233 3306 1289 3351 tur.
1306 3313 1316 3346 ι
1332 3293 1365 3348 Et
1379 3293 1446 3363 quid
1466 3292 1578 3348 dicam?
1594 3291 1628 3346 ad
1644 3306 1739 3346 vocem
1757 3285 1783 3346 et
1807 3290 2026 3347 admonitionem

386 3378 586 3438 Grandimonte
607 3379 692 3443 venit,
704 3388 732 3434 et
746 3379 803 3435 Deo
816 3395 848 3435 ac
866 3381 946 3435 beato
972 3380 1113 3451 Stepbano
1131 3400 1182 3453 pro
1235 3387 1319 3455 liujus
1334 3385 1422 3440 nuntii
1438 3385 1564 3439 inlirmus
1585 3383 1631 3438 ille
1654 3382 1737 3452 cca-pit
1751 3398 1813 3437 eona
1830 3384 1856 3437 in
1875 3384 1961 3439 eorde
1984 3385 2026 3439 in·

386 3472 522 3528 berlnticio
545 3470 628 3542 bilius
651 3470 778 3526 miraculi
800 3471 895 3552 laudes
908 3481 935 3527 et
950 3474 1052 3544 gratias
1068 3476 1159 3530 retulit
1174 3517 1181 3541 ,
1196 3448 1219 3507 C
1234 3490 1344 3538 vocare,
1358 3482 1395 3539 ct,
1411 3483 1494 3544 prout
1510 3483 1634 3544 poterat,
1659 3474 1740 3530 beato
1762 3472 1902 3544 Stephane
1918 3475 2025 3546 snppli-

387 3574 415 3619 et
442 3562 523 3617 nobis
549 3561 683 3618 veraciter
704 3579 736 3619 ac
764 3563 880 3619 lldcliter
909 3564 966 3620 lnaec
990 3566 1083 3620 omnia
1109 3582 1182 3623 rese·
1234 3566 1325 3621 rabat.
1344 3563 1422 3619 Turre
1437 3580 1535 3620 omnes
1559 3566 1606 3635 qni
1623 3566 1751 3621 astabant
1772 3566 1900 3621 similiter
1912 3581 2027 3638 proco·

385 3656 468 3712 ravit.
1177 3677 1183 3684 ·
1233 3657 1295 3712 dem
1312 3657 1465 3712 orationem
1492 3658 1526 3713 ad
1547 3656 1696 3714 [lominum
1720 3656 1835 3713 lundene
1856 3672 1911 3712 ιιοιι
1928 3674 2025 3714 cessa-

543 3745 653 3802 XXXV.
673 3745 744 3802 Item
767 3745 843 3801 alind
862 3747 1033 3807 miraculum.
1233 3749 1321 3816 bant,
1344 3758 1370 3804 ct
1383 3748 1413 3801 b.
1430 3747 1601 3818 Stephanum
1618 3749 1744 3806 oratione
1767 3749 1878 3805 assidua
1893 3750 2026 3819 depreca-

424 3838 532 3895 Aecidit
542 3841 638 3895 eudem
655 3849 788 3911 tempore,
804 3842 878 3897 eirca
895 3841 1072 3897 festivitatem
1082 3840 1112 3897 B.
1125 3841 1181 3897 Lu·
1233 3840 1344 3904 bantur,
1359 3849 1389 3895 ut
1401 3855 1451 3910 pro
1462 3840 1522 3910 ipsu
1536 3838 1697 3918 festinanter
1712 3850 1815 3896 oraret.
1835 3839 1919 3897 Facta
1930 3848 2025 3897 autent

345 4003 351 4012 Ι
388 3944 428 3987 eae
442 3931 629 4002 evangelistar,
648 3932 720 4001 apud
736 3932 826 3988 vicum
843 3932 872 3989 S.
896 3933 1007 3989 luniani
1022 3935 1050 3988 in
1073 3936 1183 3991 territo·
1232 3933 1359 4006 oratione
1386 3933 1490 3989 diutius
1516 3932 1552 3987 ab
1577 3932 1707 3991 omnibns
1727 3974 1735 4001 ,
1758 3932 1885 3988 inllrmus
1912 3941 2025 4003 repente

338 4081 341 4090 ,
388 4024 431 4082 rio
445 4022 648 4091 Lemovicensi,
667 4025 831 4081 miraculum
845 4028 994 4098 gloriosum
1017 4028 1063 4082 tali
1075 4028 1157 4083 modo
1173 4048 1180 4084 ε
1233 4032 1358 4087 sanatum
1373 4021 1466 4075 vultus
1480 4021 1581 4091 ‘1⁰⁵5ss
1597 4022 1697 4078 melius
1716 4031 1917 4090 00ffl¹¹1⁰l³l¹¹fn
1942 4022 2024 4080 blus

357 4105 360 4110 ’
387 4114 487 4174 iterius
507 4116 541 4172 de
562 4114 784 4185 Monte-Valerii,
800 4118 1081 4190 dequornentionem
1097 4137 1180 4192 snpe-
1232 4115 1359 4171 efficitur.
1388 4113 1426 4169 lta
1448 4113 1583 4183 siquidem
1603 4122 1633 4168 nt
1654 4114 1798 4185 vestigium
1825 4114 2040 4192 invaletudinis

388 4209 448 4265 rins
469 4207 608 4276 lecimus,
640 4224 721 4279 quem
744 4208 879 4267 [lominus
909 4210 982 4268 bens
1007 4214 1182 4283 onnnipotens
1233 4206 1261 4261 ln
1274 4206 1489 4275 ipsinscorpore
1502 4208 1612 4275 penitus
1637 4220 1692 4262 non
1720 4211 1885 4262 remaneret.
1914 4204 1949 4260 Et
1973 4206 2022 4277 qni

388 4299 448 4370 ipso
463 4315 547 4364 anno,
564 4315 614 4371 per
627 4300 759 4356 virtutem
778 4302 893 4357 vivilieae
904 4304 995 4359 carneis
1009 4312 1037 4358 et
1051 4304 1087 4358 ob
1101 4318 1181 4360 anm:-
1232 4301 1309 4370 prius
1340 4298 1442 4353 llebant
1464 4298 1642 4368 amicicias,
1659 4297 1741 4353 ιιιοάο
1765 4298 1913 4365 munitur,
1939 4299 2022 4369 eique

392 4408 450 4448 rem
476 4393 549 4448 beati
566 4390 701 4463 Stephani
728 4395 908 4462 confessoris,
924 4413 957 4450 nc
970 4396 1182 4466 ergastulocar-
1223 4387 1476 4460 congratulantur,
1503 4398 1530 4443 et
1552 4390 1623 4443 laeta
1646 4399 1689 4444 est
1712 4389 1804 4444 laetitia
1816 4404 1915 4457 magna
1927 4398 1956 4444 et
1970 4405 2022 4444 ev-

327 4557 332 4562 ,
388 4485 461 4541 ceris
490 4484 717 4556 liberaverat},ea
737 4485 889 4556 improviso
905 4486 1057 4558 lethargico
1085 4487 1181 4543 morbo
1232 4482 1346 4538 saltatio
1371 4481 1398 4536 in
1423 4481 1469 4536 illa
1494 4481 1634 4564 demodis
1656 4481 1703 4536 illo
1724 4491 1751 4537 ct
1771 4481 1911 4552 deinceps.
1940 4479 2023 4539 Post·

389 4578 538 4645 invaditur,
563 4588 589 4632 et
604 4576 660 4633 lere
677 4578 810 4648 usquead
825 4588 942 4634 mortem
955 4578 1110 4634 deducitur.
1123 4577 1182 4632 Fle-
1231 4588 1263 4629 ea
1287 4588 1353 4629 vero
1371 4572 1447 4628 veniit
1463 4589 1549 4629 sanus
1569 4572 1683 4629 effeetus
1703 4581 1730 4629 et
1749 4573 1841 4628 alacer
1854 4572 1881 4627 in
1900 4570 2022 4628 Gratidi-

319 4669 324 4676 “
387 4669 637 4739 henrigimrsni,
659 4670 1182 4742 etampesnnaqiejus‚20quoqque.
1230 4673 1325 4718 rrronte
1351 4662 1487 4717 lurnnlurn
1522 4662 1593 4716 beati
1621 4660 1751 4732 Stepbani
1782 4661 1914 4729 visitare,
1943 4663 2022 4738 etei

386 4768 451 4815 rent
469 4774 567 4815 omues
586 4760 633 4814 tali
659 4774 692 4815 ac
707 4768 783 4815 tanta
808 4774 871 4816 euna
894 4761 1080 4818 invaletudine
1103 4762 1180 4818 labo·
1232 4757 1335 4827 gillias
1360 4754 1463 4811 l⁰s⁰sl0
1487 4770 1536 4814 ⁰¹⁰
1559 4755 1699 4826 ‘luilllfflw
1725 4755 1859 4810 beneficii)
1874 4755 2023 4821 Sillim.

386 4864 458 4903 rare.
476 4845 538 4901 lam
558 4848 631 4902 enlm
650 4848 833 4917 desperabant
851 4849 885 4905 de
896 4850 952 4905 vita
966 4850 1052 4921 ipsius
1064 4862 1091 4907 et
1103 4852 1179 4906 inco·
1231 4857 1259 4904 et
1281 4850 1440 4905 liberatione
1457 4849 1586 4904 carceris
1599 4847 1670 4903 laeta
1688 4848 1715 4903 in
1737 4850 1826 4918 spatio
1850 4849 1927 4919 parvi
1951 4860 2022 4907 terrr-

283 4991 290 4998 ,
385 4938 512 4994 lunaitate
531 4938 574 4995 sui
589 4940 724 5009 corporis.
741 4938 774 4995 Et
797 4939 864 5011 qnid
888 4940 989 5011 plural
1006 4942 1129 5013 dirigunt
1142 4943 1178 4998 ad
1231 4940 1318 5012 poris.

393 5093 722 5112 m

617 5236 678 5351 s.
729 5233 1086 5353 sanabant
1129 5234 1350 5350 ntcvn
1395 5237 1485 5349 nv
1528 5237 1786 5385 annun,

388 5456 542 5539 Stephani
560 5458 600 5522 de
616 5458 755 5533 liciaco,
771 5457 822 5522 uti
837 5456 1046 5550 conjicimus,
1058 5456 1157 5535 jussu
1172 5456 1413 5595 ⁰⁰lf⁶t¹ll⁸⁹t⁰l
1428 5474 1445 5519 a
1461 5457 1604 5520 Gerardo
1619 5443 1710 5523 iterii
1730 5457 1766 5521 in
1777 5458 1849 5521 Vita
1871 5459 2022 5539 eiusdem

994 5553 1021 5601 m
1035 5552 1070 5598 se
1084 5551 1229 5613 composa
1245 5552 1363 5597 amser
1377 5551 1405 5596 a.

386 5762 409 5824 l.
426 5762 480 5822 Hic
499 5765 968 5839 breuitercomprehendantarotqrtc
984 5766 1179 5822 concludantur
1224 5766 1489 5826 ,Grandimontensis
1513 5768 1654 5826 institutor
1678 5771 1794 5841 primus,
1818 5772 1934 5829 dilectus
1960 5771 2021 5830 [leo

426 5837 537 5893 virtuter
552 5839 757 5893 cruentationes
774 5840 1012 5908 atqueaonota'totia
1033 5836 1102 5891 leoli
1118 5835 1178 5891 Ste-
1231 5869 1257 5915 ,ι
1274 5859 1456 5927 hominibus,
1477 5870 1560 5932 „que
1582 5862 1697 5918 mmm
1718 5864 1902 5935 perspicuus.
1923 5864 2020 5920 humi,

353 5934 357 5942 ⁵
421 5907 504 5977 ''M'‘
516 5908 683 5979 mmm·
1229 5948 1314 6005 litatis
1327 5990 1336 6015 ,
1347 5950 1524 6022 virginitatis,
1540 5952 1676 6021 veritatis,
1688 5953 1859 6023 obedientia,
1875 5955 2020 6013 abstinen-

424 6014 544 6076 Sanetus
575 6019 659 6092 igitur
687 6019 855 6117 Stephanus,
890 6021 1039 6080 venerandi
1068 6020 1175 6079 ordinis
1229 6040 1291 6108 ηπ,
1314 6041 1470 6112 μιιωιῑῃ,
1488 6044 1562 6112 qqq,
1577 6045 1646 6115 5901,
1662 6046 1821 6115 charram,
1847 6047 2020 6119 „fuaemu‚
