4584 6767
230 702 234 710 .
265 646 336 736 aare
993 644 1189 735 aristote.
1505 603 1508 609 ⁵
1831 647 1903 703 nro

263 763 482 829 Grandirnontis,
497 772 532 818 ne
548 762 574 818 in
590 762 647 818 ullo
659 771 749 819 tecum
767 764 913 835 participes
922 779 1058 822 essemus.
1074 768 1096 828 Α
1111 761 1145 818 de
1169 759 1228 817 tola
1253 775 1335 827 manu
1361 758 1433 832 eius.
1456 760 1585 818 Animam
1608 760 1731 833 separari
1747 775 1763 816 a
1786 776 1905 834 corpore

264 856 442 911 Considerata
469 853 605 924 siquidem
630 854 712 925 regiae
732 864 831 911 uestrae
848 854 1001 927 majestatis
1017 856 1060 910 in·
1111 852 1222 907 iniirnro
1250 852 1387 908 dolemus.
1414 851 1544 910 Potestne
1569 868 1585 909 a
1610 851 1666 908 lieo
1689 868 1753 909 tera
1784 854 1905 915 bominis

265 947 357 1017 genita
369 946 656 1011 bonitate,·etcollata
673 961 707 1001 ex
720 944 912 1003 adversorum
929 946 1059 1003 horrendi
1111 941 1199 997 forma
1224 950 1350 1013 separata
1377 945 1511 999 manerel
1530 943 1674 1017 Signatum
1701 952 1728 1001 ει
1754 946 1903 1017 sigillatum
1920 1017 1928 1028 ι

265 1035 405 1105 parricidii
420 1035 606 1105 crimineque
621 1036 774 1103 accusaris,
789 1052 843 1092 non
862 1036 950 1107 potuit
963 1036 1016 1093 ltoc
1026 1037 1077 1108 de⁴
1110 1049 1195 1106 super
1220 1048 1272 1089 nos
1294 1034 1388 1090 iumen
1411 1036 1506 1093 vultus
1524 1034 1584 1091 uei.
1600 1033 1718 1093 Peccato
1746 1037 1864 1094 loedatur
1877 1049 1905 1095 et

265 1134 291 1181 te
305 1127 359 1181 sibi
381 1126 498 1182 suadere
513 1126 605 1181 anima
620 1137 691 1182 mea.
705 1122 785 1193 Quod
811 1127 835 1183 si
861 1128 977 1195 irrsons,
1004 1126 1061 1185 Deo
1110 1121 1276 1184 obscuratur
1298 1130 1357 1184 lnce
1381 1127 1429 1184 lux
1450 1127 1568 1201 gratia,
1597 1144 1659 1200 quae
1689 1130 1747 1186 sola
1775 1146 1904 1187 serenum

265 1218 380 1286 gratias,
403 1218 452 1288 qui
480 1219 556 1275 dedit
577 1221 657 1276 nobis
684 1219 796 1280 famulis
816 1221 872 1275 tuis
892 1219 1060 1275 desiderium
1111 1218 1228 1277 conlert.
1254 1217 1416 1277 Execratus
1441 1222 1477 1277 ab
1506 1222 1624 1291 aulicis,
1654 1223 1802 1280 uerborum
1828 1225 1906 1284 leno·

265 1310 358 1364 cordis
381 1310 481 1366 nestri.
501 1301 643 1368 Si'autem
665 1312 851 1384 proximuset
866 1314 1002 1384 particeps
1020 1312 1062 1369 el·
1111 1311 1187 1368 cinio
1212 1320 1289 1383 pater
1315 1312 1467 1384 precipitio
1495 1315 1623 1385 proxime
1648 1315 1821 1374 collidendus
1840 1326 1904 1383 est,

267 1398 321 1454 lusi
345 1402 500 1470 sangoinis,
521 1402 640 1467 attende,
658 1418 707 1460 nec
723 1417 867 1460 remaneas
892 1404 1059 1460 inllrmusin
1111 1401 1252 1473 utromodo
1277 1401 1327 1457 lilii
1360 1417 1412 1459 suo
1438 1402 1591 1459 damnabili
1624 1403 1736 1460 silentiu
1763 1420 1829 1460 eum
1855 1422 1906 1477 pe-

267 1492 326 1547 lutc
353 1496 420 1548 tanti
445 1504 550 1551 reatus.
575 1493 660 1550 Plane
690 1497 801 1552 trescius
828 1511 890 1551 sum
914 1503 1005 1551 utrum
1035 1504 1061 1551 te
1111 1495 1169 1550 rire
1195 1491 1398 1550 sinenthiuit
1421 1493 1571 1560 Dominus,
1596 1494 1716 1551 animaru
1746 1496 1906 1566 hujusmodi
1986 1517 1988 1522 ·
2034 1461 2039 1475 .

232 1623 236 1630 -
267 1586 380 1640 conscio
401 1594 454 1640 tam
481 1587 634 1656 pessimum
662 1586 771 1642 iaciuus
788 1586 961 1659 designatum
978 1588 1062 1646 luerit
1111 1584 1199 1657 patris
1214 1585 1250 1641 ab
1264 1585 1308 1641 bis
1325 1583 1390 1643 liliis
1405 1585 1529 1658 requiret
1550 1584 1635 1643 Deus.
1662 1575 1906 1655 succurrimus,

267 1690 364 1730 uecrre.
383 1677 481 1731 Scribo
496 1684 588 1731 autent
610 1676 677 1743 tibi,
693 1693 748 1731 non
766 1677 825 1733 sinc
841 1678 939 1733 timore
961 1686 988 1733 et
1014 1692 1062 1749 pa·
1113 1677 1226 1734 sceleris
1257 1693 1406 1749 arguemur
1429 1692 1446 1733 a
1468 1676 1526 1734 lieo
1551 1687 1728 1749 nuncupante
1744 1694 1797 1735 nos
1823 1695 1907 1736 canes

268 1767 1063 1836 tore;sienimlautiorinrinislautor,nedieamauctor
1113 1775 1206 1825 mutos
1237 1783 1294 1824 non
1324 1769 1448 1826 ualentes
1481 1769 1593 1826 latrare.
1630 1770 1785 1841 suspendio
1809 1770 1909 1842 dignos

267 1875 354 1926 esses,
370 1859 483 1927 nollem,
499 1871 551 1917 occ
562 1859 692 1916 auderem
709 1868 798 1915 trcurn
818 1876 908 1933 agere.
933 1860 1011 1927 Quod
1026 1864 1061 1926 si.
1113 1860 1281 1931 adiudicabit
1292 1876 1359 1932 ,eum
1382 1861 1497 1918 canibus
1514 1862 1676 1932 Capitolinae
1691 1863 1764 1918 areis
1781 1847 1904 1918 custudi-

268 1950 325 2007 lato
341 1952 436 2007 nescio
450 1968 516 2023 quo,
535 1952 603 2008 illud
619 1952 751 2018 creuerit,
764 1952 843 2007 doleo
863 1965 930 2007 sarto
943 1963 1063 2024 superte
1083 2025 1086 2033 ἱ
1113 1951 1177 2008 bus.
1197 1951 1333 2019 Quidnam
1357 1962 1400 2008 εει
1423 1954 1477 2010 boc
1499 1955 1614 2010 uerbum
1637 1955 1712 2025 quud
1737 1955 1841 2011 dictum
1866 1962 1909 2011 est

267 2053 296 2099 et
311 2043 476 2098 mortificata
496 2043 569 2100 bona
585 2059 669 2113 opera
685 2051 754 2111 tua,
773 2044 904 2112 queniam
929 2036 1061 2115 scriptum
1113 2044 1282 2115 pauperibus
1297 2043 1766 2113 GrandimontensibusiQuomodo
1780 2045 1909 2102 eranuitl

270 2143 313 2190 est
330 2153 337 2189 ε
357 2133 387 2189 Si
408 2135 532 2189 auerterit
548 2150 576 2188 ae
592 2134 685 2202 justus
698 2149 715 2185 o
726 2132 835 2202 justitio
848 2148 908 2198 erc,
924 2142 949 2188 et
970 2134 1062 2204 iecerit
1113 2132 1287 2194 Promiseras
1300 2138 1370 2207 patri
1387 2136 1506 2203 Simoni,
1528 2136 1646 2193 iratrum
1668 2137 1908 2194 carthusiensium

270 2226 450 2295 irriqtritetenr,
470 2242 559 2280 omnes
577 2220 697 2295 iustitiae
721 2224 779 2292 ejus
800 2239 867 2294 erce
888 2222 987 2293 [ecerat
1011 2240 1063 2281 rron
1113 2225 1200 2298 priori
1223 2225 1258 2282 de
1279 2225 1454 2294 ilerde-liei,
1479 2237 1506 2283 ει
1530 2228 1616 2296 mibi,
1630 2228 1704 2301 quod
1721 2240 1833 2301 paratus
1847 2245 1911 2288 eras

270 2316 599 2387 recordabunturideeelr.
616 2314 868 2387 xrv,26).llullum
882 2315 1066 2387 jus,sednec
1114 2317 1248 2373 domuum
1274 2316 1409 2373 Tbomam
1433 2317 1591 2375 cantuariae
1621 2320 1780 2393 episcopum
1807 2335 1911 2395 ponere

271 2408 417 2478 imperium
433 2417 513 2464 teneo
530 2410 558 2464 in
580 2410 749 2465 voluntatem
767 2418 861 2477 tuam;
886 2417 913 2465 et
934 2409 997 2466 licet
1015 2410 1066 2465 lta·
1115 2407 1266 2463 eorundum
1278 2408 1305 2463 io
1322 2424 1406 2480 reguo
1420 2417 1479 2477 tuo,
1499 2407 1650 2466 dummodo
1663 2410 1782 2481 speciem
1799 2411 1910 2466 bumili-

271 2499 375 2566 berem,
389 2502 465 2557 nullo
487 2501 570 2558 modo
583 2515 710 2573 cogerem
731 2507 767 2557 te.
783 2498 922 2573 ingenuus
933 2510 976 2558 est
991 2502 1065 2559 enim
1115 2500 1180 2555 tatis
1193 2515 1285 2555 coram
1300 2500 1403 2571 populo
1426 2510 1475 2557 tuo
1499 2501 1548 2555 tibi
1564 2502 1730 2558 ostenderet.
1748 2501 1824 2559 Fecit
1843 2518 1911 2559 εειι·

272 2589 391 2646 bominis
408 2592 530 2658 animus,
547 2591 652 2646 mauult
678 2591 742 2645 duci
765 2606 848 2661 quarn
865 2591 947 2647 trabi.
971 2590 1025 2649 Sed
1042 2593 1066 2668 si
1117 2590 1168 2645 ties
1194 2590 1268 2661 quod
1292 2589 1456 2661 postulasti,
1478 2599 1506 2646 et
1521 2588 1567 2646 ille
1581 2590 1655 2662 jacet
1667 2591 1694 2645 iu
1716 2593 1799 2648 corde
1818 2603 1908 2649 terrae.

271 2680 337 2750 quid
359 2682 429 2736 ualet
443 2691 577 2737 coramte
591 2682 743 2752 peccaturis
759 2681 859 2751 oratio,
876 2695 986 2754 precor,
1006 2684 1066 2740 noli
1118 2679 1218 2737 locem
1245 2680 1388 2753 sauguinis
1416 2680 1581 2737 clamantem
1606 2682 1640 2736 ad
1666 2681 1752 2737 licum
1777 2682 1811 2737 de
1839 2690 1911 2762 terra

272 2771 386 2840 perdere
407 2770 515 2828 lructos
544 2772 680 2827 bonorum
711 2788 826 2842 operum
854 2782 976 2841 tuorum,
1006 2776 1067 2833 noli
1117 2770 1570 2838 audiuimustouomodoceeidit
1586 2771 1700 2827 terbum
1715 2787 1747 2827 cx
1765 2773 1911 2841 oreregis,

272 2860 406 2930 perditam
418 2861 555 2933 negligere
569 2861 689 2916 animam
705 2869 791 2927 tuam,
808 2876 858 2933 pro
873 2880 927 2934 qua
939 2865 1072 2923 caristus
1117 2862 1192 2935 cuod
1211 2869 1254 2918 est
1269 2870 1395 2918 sanctum
1407 2871 1434 2918 et
1453 2863 1744 2920 intercurrentium?
1759 2861 1861 2920 lerum
1874 2864 1912 2919 itt

273 2959 401 3006 mortuus
425 2958 478 3008 est.
501 2951 685 3021 Convertere,
702 2961 731 3009 ct
748 2968 798 3025 age
820 2954 1009 3024 poenitentiam
1033 2956 1068 3013 ab
1118 2962 1184 3012 sunt
1199 2968 1297 3010 omnes
1312 2953 1357 3010 isti
1371 2954 1492 3011 diuites:
1509 2954 1611 3025 siquid
1630 2953 1810 3021 benefacias,
1825 2955 1915 3010 lerior

273 3041 403 3097 omnibus
427 3041 642 3112 iniquitatibus,
666 3052 694 3114 et
711 3055 768 3098 non
780 3041 834 3098 erit
850 3043 899 3098 tibi
915 3043 942 3098 in
957 3044 1068 3101 ruinam
1117 3046 1212 3119 pluma
1227 3045 1388 3117 estgratia;
1405 3045 1430 3101 si
1444 3045 1510 3116 quid
1522 3055 1667 3116 peccaturo
1686 3055 1740 3113 est,
1758 3044 1914 3115 plumbeias

274 3133 416 3203 iniquitas.
433 3132 519 3190 llodic
534 3136 558 3190 si
573 3149 669 3191 rocem
685 3137 795 3192 Domini
808 3128 940 3204 audieris,
961 3147 989 3194 et
1013 3135 1068 3195 nori
1119 3136 1175 3192 iras
1187 3142 1296 3207 gerunt.
1312 3133 1412 3191 llaeene
1434 3136 1533 3191 tbrena
1554 3138 1669 3208 tragoedi
1690 3136 1836 3207 parsinalis
1851 3135 1913 3207 (ric)

275 3224 456 3281 obduraveris
476 3241 524 3282 cor
539 3235 629 3293 tuum,
646 3227 788 3283 orationes
812 3226 980 3283 famulorum
1007 3237 1070 3284 tuo-
1118 3228 1240 3285 didicere
1253 3229 1340 3285 ibides
1351 3237 1453 3286 nostrae
1467 3230 1571 3285 eremi?
1584 3228 1613 3284 ln
1625 3229 1784 3301 pectoribus
1799 3229 1915 3299 plebeiis

276 3332 337 3372 runt
364 3317 667 3385 Grandimontcnsium,
684 3333 754 3390 quas
770 3307 833 3373 cum
853 3318 969 3389 jejuniis
980 3319 1069 3376 edun·
1119 3327 1147 3375 ει
1159 3319 1277 3375 inlirmis
1295 3319 1427 3376 beneflcia
1443 3321 1537 3376 omnia
1558 3329 1756 3376 conservamur
1775 3320 1914 3389 quomodo

274 3411 573 3479 dimusetoderimus,
590 3412 738 3469 ascendent
756 3413 789 3470 ad
806 3412 964 3470 bominum.
1006 3486 1011 3492 ἱ
1082 3407 1145 3499 cai
1160 3408 1263 3479 scripta
1276 3417 1369 3464 essent
1382 3408 1409 3463 in
1425 3423 1509 3463 arena
1523 3407 1652 3463 etlittore
1666 3406 1762 3475 maris,
1776 3406 1804 3461 in
1816 3406 1915 3462 iisdem

1120 3496 1251 3553 cordibus
1267 3504 1431 3568 permanent
1452 3496 1560 3567 injurie
1573 3505 1692 3553 exarata
1704 3497 1782 3567 quasi
1800 3496 1828 3551 in
1840 3511 1915 3551 mar·

651 3545 694 3603 w·
1121 3602 1208 3643 nrore.
1226 3585 1402 3643 liererendus
1417 3587 1463 3642 ille
1479 3585 1562 3643 Pater
1574 3586 1674 3643 Beelet
1688 3587 1914 3659 archiepiscopus
1968 3597 1977 3607 “·

262 3637 404 3710 ‘Epistola
418 3636 495 3694 Petri
508 3638 653 3707 bernardi,
668 3639 799 3709 erpriorr'r
810 3636 1069 3707 Grandirnontenn'r,

313 3708 348 3762 ud
363 3708 510 3763 ilenrietrm
522 3708 555 3763 ll
568 3709 716 3792 dnplornne
730 3725 865 3791 regenn—
881 3708 918 3791 ile
929 3725 991 3764 nece
1005 3726 1071 3765 aan-

312 3777 469 3834 cti'Titomae
482 3778 687 3834 Contrariorum
700 3778 902 3849 necitrpprrcopr,
1121 3765 1233 3822 functus
1247 3764 1347 3832 fueriti,
1362 3780 1449 3836 quale
1467 3766 1550 3821 dalem
1566 3774 1729 3835 tertiumque
1743 3766 1851 3822 illlelttm
1862 3765 1913 3821 tle·

313 3867 434 3926 lisnntco
456 3869 608 3940 bogiorum
634 3868 694 3940 regi
717 3868 906 3940 paupertino,
924 3878 1072 3940 pauperet
1121 3856 1188 3913 Ιθ1ῑῑ
1202 3856 1325 3928 0111111οῗ
1339 3853 1362 3913 ⁰
1378 3857 1494 3913 liffeim
1514 3858 1670 3929 difficilium
1689 3856 1821 3928 limiam!
1841 3855 1915 3924 Quid

277 3961 418 4017 desolatus
432 3959 515 4015 irater
529 3958 628 4015 Petrus
644 3957 793 4027 Brennum,
810 3959 921 4030 exprior
936 3960 1072 4032 generalis
1122 3951 1206 4009 ¹¹⁰bl⁸
1227 3950 1395 4009 0111111111θῖ
1417 3949 1506 4007 Nolite
1528 3950 1667 4008 confidere
1686 3950 1714 4004 in
1732 3948 1914 4021 principibus.

278 4050 498 4116 Grandimontis,
516 4063 583 4105 suas
595 4047 734 4120 lacrymas
749 4046 782 4101 ad
798 4061 848 4102 cor
861 4046 1069 4104 emolliendum.
1123 4059 1175 4101 nee
1189 4044 1218 4100 in
1235 4043 1299 4100 filiis
1314 4044 1457 4101 bominum
1473 4042 1614 4112 inquibus
1628 4054 1683 4096 non
1700 4050 1743 4097 εει
1759 4039 1844 4097 εεΙιιε.
1856 4038 1915 4095 Ιιιιε

316 4140 352 4199 tn
367 4140 578 4197 innumerabilia
593 4147 657 4195 sunt
669 4146 723 4194 tuae
732 4137 888 4196 deuotionis
898 4146 1071 4212 argumenta,
1122 4139 1199 4196 salus
1225 4138 1278 4210 ipsi
1301 4139 1404 4195 domno
1422 4135 1535 4192 'lbomre
1560 4135 1768 4205 archiepiscopo
1791 4135 1924 4190 centua·-

279 4238 317 4293 ita
346 4245 410 4291 sutrt
435 4234 641 4303 inenarrabilia,
658 4232 900 4300 oillustrissima,
926 4233 973 4289 sed
998 4248 1073 4291 nune
1122 4228 1224 4297 riensi,
1243 4228 1375 4299 quoniam
1394 4226 1429 4282 ab
1450 4226 1492 4282 eis
1516 4224 1626 4281 occisus
1654 4224 1800 4279 dealbavit·
1815 4222 1915 4278 stolum

278 4336 412 4385 exaurata
426 4326 530 4398 dngliae
543 4341 658 4394 corona,
677 4326 759 4397 cujus
777 4326 884 4382 deceris
909 4340 979 4382 rosae
998 4324 1073 4381 deci·
1123 4334 1202 4375 suant
1219 4319 1246 4374 in
1259 4318 1393 4390 sanguine
1406 4317 1477 4389 rigui
1489 4315 1666 4386 immaculati.
1679 4314 1795 4385 lucoque
1805 4314 1913 4378 beatus,

279 4420 389 4475 derunt.
404 4415 541 4470 Nimirum
558 4422 692 4486 quantum
717 4414 811 4471 neseio
824 4413 889 4484 quid
905 4413 1072 4470 immensum
1123 4410 1188 4480 quia
1203 4418 1333 4476 recatus,
1358 4408 1424 4480 quia
1445 4407 1529 4463 etiam
1556 4406 1729 4464 introductus
1751 4406 1785 4463 ad
1806 4420 1914 4487 coenaro
1986 4418 1991 4427 ·

279 4506 412 4566 debemus
427 4506 489 4574 tibi,
503 4521 520 4562 o
536 4521 595 4574 rex,
608 4504 670 4562 ideo
684 4505 786 4560 durum
803 4502 968 4560 Christiane
980 4504 1074 4574 reipu-
1124 4498 1283 4569 nuptiarum
1309 4498 1390 4569 bgni.
1408 4498 1431 4553 θ
1452 4498 1634 4553 reverendum
1659 4497 1913 4568 hiereo-martyrem!

1121 3674 1400 3745 irreprehensibiliter
1410 3675 1568 3731 cancellarii
1580 3690 1695 3731 munere
1706 3690 1799 3732 eoram
1813 3683 1839 3731 te
1853 3691 1915 3746 per»
1996 3709 2006 3732 ι
2081 3687 2082 3697 ’

280 4602 370 4664 blicae,
387 4599 453 4653 ‘imo
470 4596 664 4664 durissimum,
688 4594 840 4667 pracsertim
864 4595 956 4662 nobis,
976 4594 1073 4651 audire
1124 4589 1266 4649 obeatum
1283 4588 1458 4667 pontilicem!
1477 4586 1557 4657 cujus
1572 4588 1664 4646 anima
1678 4587 1834 4658 paradisum
1852 4603 1917 4659 pos-
1975 4595 2009 4626 ·‘
2063 4633 2066 4640 .

279 4701 358 4750 extra
375 4690 460 4747 beorn
476 4688 590 4757 lactum,
603 4697 630 4744 et
643 4688 678 4743 ab
691 4702 724 4743 eo
738 4687 890 4758 proiectum
904 4701 966 4743 esse
979 4701 1072 4759 regem
1125 4680 1206 4749 sidet,
1224 4677 1449 4751 quandoquidem
1465 4679 1579 4738 inuenit
1603 4680 1719 4740 sulutem
1740 4693 1773 4736 ex
1797 4680 1917 4738 inimicia

279 4783 507 4855 quilirtemuobis
517 4781 588 4837 bona
601 4778 759 4837 conserendi
771 4769 893 4835 inuenire
903 4794 959 4833 non
972 4778 1070 4848 potuit,
1082 4767 1111 4825 ὓ
1124 4772 1194 4838 tuis,
1206 4780 1235 4827 et
1244 4771 1279 4827 tie
1293 4786 1376 4826 mauu
1388 4785 1485 4828 eorum
1495 4772 1547 4843 qui
1562 4772 1678 4829 ederam
1692 4786 1722 4828 se
1736 4772 1831 4842 gratis·
1930 4781 1934 4791 ‘

280 4877 384 4948 quique
399 4876 427 4931 in
452 4891 502 4932 sua
523 4872 727 4945 magnificentia
746 4886 844 4942 parum
873 4885 936 4926 esse
955 4871 1072 4941 iudicat,
1161 4862 1236 4920 bone
1251 4862 1338 4923 beusl
1354 4863 1764 4931 auribusnostrisauulrnnus,
1778 4874 1806 4921 ct
1821 4864 1917 4922 ratres

281 4965 336 5022 nisi
351 4965 504 5020 innumeris
524 4961 666 5019 obruendo
687 4949 827 5016 benefieiis
840 4957 1073 5015 Grandimooten-
1126 4956 1215 5011 nostri
1229 4955 1358 5012 dominus
1376 4956 1504 5027 princeps
1522 4954 1657 5016 ilenrieus
1670 4956 1705 5014 de
1720 4956 1854 5022 Francia,
1867 4972 1917 5028 par

282 5073 341 5114 sem
364 5056 514 5127 aliquando
549 5068 630 5111 suum
665 5052 797 5124 populum
826 5059 951 5107 nostrum
980 5052 1074 5121 potius
1125 5044 1334 5113 Fratreiae,dux
1357 5054 1385 5101 et
1409 5041 1592 5119 arciripraesui
1610 5046 1772 5112 firmensis,
1798 5048 1917 5103 domnus

282 5159 408 5205 oneraret
420 5164 503 5219 quarn
517 5156 638 5204 ornaret.
656 5144 788 5211 Tantum,
803 5143 928 5214 inquam,
942 5142 1073 5201 debemus
1125 5137 1288 5195 Guillelrnus
1310 5138 1475 5194 Albimanns
1492 5137 1661 5195 Senenertsis
1678 5139 1916 5209 archiepiscopus,

282 5243 383 5302 decore
408 5239 566 5311 aliquandiu
591 5238 740 5295 diademati
766 5246 832 5304 tuo,
857 5246 991 5309 quantum
1019 5253 1074 5294 non
1125 5234 1244 5289 domnus
1262 5231 1383 5293 loannes
1400 5230 1917 5297 deBellcsmePicmriensis,domoaa
1957 5261 1963 5271 ·

280 5333 405 5388 calemus
420 5344 560 5387 enarrare.
576 5331 611 5385 dt
637 5329 705 5401 quid
724 5328 773 5387 tibi
799 5335 828 5384 ct
852 5328 968 5384 carmini
987 5327 1077 5383 boici
1125 5321 1282 5383 &rutardus
1297 5319 1477 5378 Nireruensis
1489 5319 1630 5391 episcopi,
1648 5315 1797 5377 Galliarum
1816 5318 1917 5377 *Patres
1948 5377 1950 5379 ,

283 5423 352 5477 bene
370 5421 481 5491 quidem
504 5420 663 5492 incoepisse,
689 5411 718 5477 at
732 5420 867 5479 deiecisse
890 5420 919 5476 in
942 5419 987 5474 uia
1014 5413 1080 5484 bei,
1126 5410 1308 5485 [anpareslg
1322 5420 1504 5467 narraverunt
1524 5410 1604 5467 nobis
1623 5426 1694 5482 opus
1713 5409 1787 5482 quod
1810 5411 1916 5482 operati

284 5511 436 5583 retrogredi
449 5521 500 5567 est.
518 5510 620 5568 Omnes
630 5512 678 5582 qui
694 5511 799 5581 rident,
814 5512 949 5584 incipient
960 5510 1075 5570 illudere
1125 5513 1191 5563 tunt
1208 5504 1309 5576 perditi
1331 5502 1444 5574 quidam
1470 5502 1626 5570 homicidae,
1649 5507 1709 5560 nou
1729 5518 1779 5562 ret
1795 5503 1915 5576 Anglus,

284 5601 355 5667 tibi,
376 5600 520 5657 dicentes:
542 5600 594 5656 ilie
611 5601 689 5658 bomo
703 5603 780 5672 cepit
804 5602 949 5673 edificare,
974 5609 1001 5656 et
1021 5615 1076 5656 nort
1126 5610 1197 5667 opus
1210 5595 1277 5658 ilud
1297 5593 1453 5664 nefarium,
1466 5593 1609 5666 indiguum
1622 5594 1744 5662 homine,
1758 5596 1846 5652 multo
1857 5610 1918 5651 ma-

264 5737 267 5742 .
284 5693 372 5765 potuit
386 5708 571 5747 consummare
590 5692 669 5765 (bur.
686 5709 745 5763 ιιι,
761 5692 818 5765 50).
834 5692 871 5750 At
883 5694 950 5766 quid
966 5692 1077 5750 laudari
1097 5681 1100 5686 ’
1126 5687 1169 5761 gis
1190 5703 1253 5761 rege
1270 5686 1408 5758 benigno,
1421 5685 1614 5755 misericordi,
1636 5695 1797 5755 mansueto,
1812 5685 1917 5742 nemini
1988 5765 1990 5778 Ι

286 5784 332 5843 bic
349 5784 384 5839 ab
400 5784 572 5852 bominibus,
586 5785 690 5857 quibus
702 5785 750 5857 qui
772 5786 882 5860 plaeere
896 5785 999 5852 studet,
1017 5797 1076 5842 ser-
1126 5794 1183 5837 nou
1197 5778 1342 5840 benevolo.
1357 5775 1491 5850 Corpora,
1506 5777 1645 5846 dicebant,
1658 5778 1837 5851 magnanimo
1848 5775 1919 5835 satit

287 5892 337 5932 rus
351 5875 454 5931 Christi
477 5892 531 5931 non
553 5885 611 5946 est,
639 5876 696 5932 imo
720 5876 914 5944 cuniurtditur,
941 5875 1076 5948 quoniam
1126 5882 1170 5931 est
1182 5881 1338 5945 prostrasse
1358 5870 1444 5938 leoni,
1461 5869 1638 5927 humiliatum
1653 5884 1746 5927 coram
1760 5878 1797 5936 te,
1808 5866 1917 5952 Anglia,

286 5968 360 6025 Deus
379 5969 570 6041 spreviteum,
585 5978 614 6058 et
628 5969 658 6026 iu
673 5969 743 6027 coelo
759 5984 777 6026 a
791 5967 849 6025 lieo
867 5969 1076 6043 reprobatur,a
1126 5967 1272 6040 primatem
1295 5965 1327 6021 u.
1351 5964 1487 6021 l'lromaru
1512 5962 1751 6020 (lantoniensem.
1778 5960 1818 6018 ue
1841 5974 1918 6033 regua
1982 5961 1992 5978 ⁰

288 6076 344 6149 quo
358 6074 415 6120 uno
431 6077 538 6124 merces
555 6071 597 6122 est
609 6061 687 6136 operi
702 6069 798 6124 octtm
816 6072 844 6136 et
859 6061 958 6136 glorian
974 6073 1077 6123 torona
1116 6049 1196 6133 ἤιε,
1217 6071 1235 6117 o
1253 6072 1325 6132 rex,
1350 6055 1439 6119 soluto
1458 6053 1607 6117 sollicitum
1628 6050 1929 6133 panemocsubtitst
