4584 6767
362 528 450 631 nas
1001 565 1191 627 cursurum
1208 562 1373 625 uruntur
1897 521 1901 536 ’
1967 570 2033 628 ruas

379 673 406 745 rt
421 688 560 759 quodlibet
578 686 651 744 aliud
669 685 815 758 reiuqium.
842 685 901 742 liisi
916 686 989 743 euim
1005 686 1077 763 Deus
1089 686 1172 742 sciret
1189 689 1207 745 h
1223 686 1296 756 plius
1322 699 1384 743 eum
1409 686 1539 759 diligetis,
1561 686 1585 742 si
1610 702 1660 745 ros
1683 688 1828 777 tementes
1852 688 1928 752 estis
1941 706 1952 757 ς
1967 692 2032 762 quid

380 782 454 838 aliud
473 781 603 839 raculum
621 795 683 837 esse
697 779 805 845 melius,
819 773 975 851 nullatenus
989 780 1174 836 amicossuos
1224 792 1290 848 erqo
1305 777 1343 834 illi
1358 778 1454 834 deesse
1480 777 1633 849 potestqui
1654 778 1918 837 omulehebentern
1934 780 2034 837 baberi

380 876 447 930 illuc
472 872 651 941 hansicrret3
671 871 839 944 quinetiam
862 880 977 927 matrem
1001 886 1079 927 suam
1096 870 1174 925 nullo
1259 869 1305 925 28.
1329 868 1535 936 ‹Adhucveru
1550 868 1833 928 eteliudeousllium
1860 886 1971 929 ειττιιιι
1986 888 2034 928 vu·-

360 966 464 1036 ·mpdo
483 964 631 1035 deciperet,
655 965 704 1020 sed
725 978 776 1035 pro
799 964 905 1020 eoelesti
930 961 1030 1035 gaudio
1051 977 1174 1034 presens
1222 962 1277 1032 bis,
1290 962 1340 1019 lilii
1356 962 1420 1032 mei,
1436 961 1602 1044 praecipiens
1618 961 1713 1020 dabo:
1730 963 1759 1020 st
1771 979 1822 1046 ros
1842 979 1915 1023 cnm
1932 951 2033 1022 vicinis

380 1058 520 1114 subtrahit
532 1056 695 1129 aliquando,
708 1072 763 1113 rrou
782 1064 872 1112 umen
886 1072 919 1113 eo
934 1056 1016 1112 arodo
1036 1062 1173 1126 quatenus
1224 1054 1324 1111 restris
1336 1062 1364 1110 et
1377 1053 1557 1111 secularibus
1571 1053 1634 1110 aliis
1654 1070 1750 1126 pacem
1769 1056 1879 1113 bonam
1903 1064 1937 1114 et
1962 1056 2032 1112 tarra

380 1150 487 1205 amicos
501 1164 568 1206 suos
581 1135 608 1204 iu
625 1149 678 1204 boc
691 1147 792 1203 saeculo
809 1147 901 1203 tristes
918 1147 1072 1202 deserat'ac
1089 1144 1171 1224 deso·
1222 1161 1300 1218 gram
1321 1146 1423 1202 habere
1438 1145 1616 1214 desideratis,
1630 1156 1723 1202 cavete
1736 1148 1853 1219 penitus
1866 1165 1905 1206 ne
1917 1165 1957 1206 ea
1971 1166 2031 1222 quae

380 1227 479 1307 ΙειιιεςΙ
490 1241 539 1297 setl
560 1248 667 1297 tantum
683 1240 748 1310 quia
767 1238 839 1294 Deus
853 1239 906 1295 hoc
930 1239 989 1294 vult
1005 1252 1097 1308 agere,
1124 1234 1172 1308 qui
1222 1231 1366 1311 possident
1379 1240 1594 1311 concupiscatis,
1610 1241 1743 1312 quoniam
1756 1242 1850 1306 sivos
1861 1252 1970 1299 terras
1984 1258 2030 1300 eo*

379 1328 451 1390 tunc'
459 1347 553 1390 servos
566 1348 634 1390 suot
648 1333 675 1387 iu
687 1332 793 1403 majore
804 1338 879 1387 tenet
890 1331 985 1403 requie
996 1372 1004 1393 .
1017 1347 1079 1387 cunr
1092 1345 1172 1385 mun-
1223 1350 1296 1401 rum,
1312 1333 1419 1401 vineas,
1433 1341 1512 1404 prata
1527 1340 1555 1389 et
1572 1344 1671 1390 caetera
1692 1350 1754 1407 quae
1768 1334 1922 1406 possident
1938 1331 2028 1393 truta*

379 1424 689 1495 duscousideratquod
706 1424 757 1495 ipsi
773 1423 893 1480 laborem
908 1424 1059 1494 patiantur,
1085 1421 1172 1494 blaqis
1222 1424 1258 1482 tis
1272 1440 1380 1496 rapere,
1402 1424 1525 1482 laborem
1551 1427 1645 1499 potius
1674 1412 1864 1498 approbantes
1881 1445 2028 1500 quatrire-

379 1516 453 1575 enim
469 1516 533 1572 inde
544 1496 718 1572 honorantur
734 1530 797 1570 eum
814 1514 842 1569 lu
856 1502 990 1585 augustiis
1000 1527 1048 1569 eos
1062 1513 1172 1583 requie·
1220 1518 1326 1589 quiem,
1340 1517 1410 1573 iram
1422 1534 1505 1589 quam
1519 1506 1662 1590 gaudium,
1684 1514 1785 1575 terram
1803 1535 1893 1592 quam
1908 1509 2026 1590 celum,

377 1623 456 1666 scere
470 1603 709 1679 laeittaliquaudo
721 1621 797 1675 vero,
814 1615 845 1662 ut
856 1605 980 1663 iulideles
990 1605 1169 1672 crubescant,
1221 1610 1337 1666 nibilum
1354 1625 1438 1682 quam
1462 1618 1565 1680 totum,
1585 1619 1683 1683 pacem
1706 1627 1770 1668 eum
1793 1611 1835 1670 eis
1856 1629 1892 1670 ex
1914 1615 2027 1686 integra

376 1701 497 1781 pstendit
512 1700 614 1772 pupulo
628 1698 812 1766 dulcedinem,
834 1698 861 1755 iu
887 1697 942 1769 qua
957 1697 1014 1754 veri
1029 1698 1109 1753 amici
1125 1697 1169 1754 sui
1220 1701 1322 1758 habere
1335 1703 1450 1773 potestis
1466 1704 1543 1760 nullo
1558 1704 1651 1760 modo.
1675 1695 1791 1776 iusuper
1804 1704 1840 1761 de
1852 1716 1960 1763 cetero
1980 1723 2024 1763 ca·

377 1796 534 1853 consistrurt
555 1794 620 1849 durn
644 1793 814 1860 cruciantur,
836 1793 910 1848 sicut
922 1790 1021 1863 legitur
1033 1790 1068 1845 de
1081 1790 1171 1849 tribus
1220 1801 1281 1847 vete
1303 1791 1418 1848 omniuo
1444 1807 1480 1848 ne
1504 1792 1629 1849 babeatis
1655 1795 1730 1865 quod
1754 1785 1794 1851 illi
1819 1796 2024 1869 concupiscere

376 1886 481 1957 pueris,
493 1882 824 1955 quibenedieebanteum
840 1882 868 1938 in
883 1882 946 1953 ique
961 1880 1169 1948 loruaeis,alios
1219 1883 1336 1956 possint,
1355 1884 1459 1941 bestias
1487 1884 1625 1955 videlicet,
1640 1902 1738 1958 equos,
1764 1889 1859 1946 mulm
1884 1898 1914 1954 ει
1938 1889 2022 1948 bores

376 1994 443 2034 vero
458 1992 529 2048 quos
545 1976 581 2032 ita
605 1992 660 2032 non
680 1975 871 2046 corporaliter,
895 1982 925 2030 ut
947 1974 1042 2029 lideles
1065 1974 1102 2029 ibi
1119 1990 1167 2030 su·
1220 1978 1323 2049 quibus
1345 1994 1400 2034 non
1422 1988 1465 2037 est
1480 1980 1645 2049 intellectus,
1664 1987 1691 2036 et
1716 1992 1814 2039 caetera
1827 1999 1895 2054 quae
1919 1984 2022 2041 iutelli-

375 2079 454 2126 ruant
474 2069 631 2139 exemplum
654 2067 804 2138 patientie,
826 2073 932 2122 tantum
948 2066 1165 2123 consolanturiu
1220 2055 2021 2146 ¹petatesacohedieutesnequaquamhaberepotestis.ortu

376 2161 487 2231 spiritu,
508 2159 736 2232 quod-majorem
751 2159 874 2214 laborem
897 2157 1039 2229 patiuntur
1051 2158 1098 2229 qui
1118 2173 1167 2214 cos
1220 2174 1309 2220 autem
1322 2165 1502 2221 couueuieutiu
1517 2165 1618 2221 Cirrirti
1644 2166 1680 2219 cd
1700 2163 1798 2234 Belial,
1809 2166 1883 2223 luris
1894 2170 1932 2223 ud
1950 2179 2022 2225 terre·

375 2253 544 2319 cruciarunt,
560 2266 643 2322 qnam
658 2250 730 2307 servi
748 2250 795 2306 Dei
810 2250 858 2321 qui
871 2250 1040 2306 cruciantur.
1056 2268 1067 2302 r
1219 2252 1304 2307 bruti
1318 2250 1363 2324 (ll
1372 2251 1702 2326 Cor.vt.)Quisqueeuim
1712 2256 1831 2312 vindicet
1844 2259 1923 2328 quud
1937 2275 2018 2316 suum
2038 2281 2041 2290 ·

409 2347 457 2402 27.
479 2345 695 2417 Supervrrrieutc
715 2353 808 2399 autem
823 2342 989 2399 uenerabilis
1004 2341 1095 2398 Patris
1116 2357 1166 2398 vo·
1219 2354 1272 2401 est.
1291 2344 1434 2402 Vindicate
1446 2361 1523 2418 erqo,
1539 2345 1650 2415 iratres,
1665 2356 1692 2403 et
1702 2350 1815 2419 qrroerite
1829 2361 1937 2418 vestra,
1961 2367 2020 2424 qrae

375 2440 641 2508 cotiouistempote,
658 2437 685 2491 in
699 2437 744 2491 illu
763 2451 813 2491 sua
829 2444 884 2492 lam
909 2444 1003 2491 sanctu
1027 2435 1167 2506 aegritudi-
1218 2448 1414 2507 sursumsunt,
1436 2456 1488 2494 noa
1511 2439 1570 2511 quoe
1594 2420 1793 2512 cuper-terrem
1817 2441 1939 2514 (Culusa.
1965 2449 2017 2514 tul.

355 2546 419 2610 ·¹¹b
434 2531 521 2586 trihus
534 2529 632 2585 diebus
643 2538 670 2584 et
679 2528 791 2586 totidem
807 2527 934 2588 noctibus
949 2542 1031 2597 super
1042 2526 1166 2599 praedicti

373 2614 500 2694 discipuli
512 2621 651 2678 discubuit
665 2628 771 2692 pectus,
788 2619 841 2677 nisi
855 2636 917 2676 eum
931 2621 1086 2676 necessaria
1108 2636 1168 2675 eur·
1182 2669 1184 2672 ,

372 2716 433 2788 pori
447 2717 601 2787 deputaret.
623 2713 727 2771 invitus
745 2729 864 2784 tuumque
880 2715 908 2769 in
929 2729 973 2779 eo,
996 2714 1061 2768 duru
1080 2714 1167 2770 iulor·

372 2814 505 2871 maretur,
522 2807 593 2861 sieut
606 2804 780 2875 postmodum
792 2803 944 2874 discipulus
958 2802 1004 2858 illc
1016 2797 1165 2874 perhibuit,

373 2899 509 2953 rationem
527 2907 554 2952 et
574 2897 742 2952 intellectum
758 2895 785 2950 iu
807 2896 936 2951 omuibus
948 2911 1018 2967 peue
1041 2896 1166 2967 duplica-

282 2983 286 2988 ’
375 2993 434 3047 thur
452 2991 568 3046 invenlt.
590 2991 715 3059 Cumque
730 3004 778 3059 per
791 2988 910 3044 triduum
923 2988 989 3043 illud
1000 2988 1035 3044 de
1049 2990 1103 3044 vita
1116 3005 1167 3045 uo-

372 3094 429 3142 stra
444 3098 549 3155 suoque
563 3082 679 3138 transitu
698 3081 799 3137 iratres
813 3080 978 3137 informaret
997 3090 1023 3137 et
1037 3083 1166 3138 consola-

1220 2526 1272 2593 Qui
1285 2528 1362 2583 halet
1384 2546 1463 2588 urerer
1487 2531 1613 2585 audiendi
1637 2531 1732 2587 audiat
1754 2531 1870 2601 (hairu.
1889 2537 1951 2607 xt);
1974 2532 2020 2607 qui

1218 2629 1302 2690 potest
1317 2638 1408 2692 capere
1419 2623 1507 2693 cupiet
1522 2622 1633 2686 (diutili.
1648 2625 1718 2695 xix),
1733 2625 1843 2681 hocest
1855 2627 2018 2698 quicunque

1219 2713 1246 2769 in
1271 2714 1325 2769 hoo
1340 2730 1394 2768 uou
1417 2710 1637 2785 perseveraverit
1652 2705 1741 2774 tarius
1766 2718 1948 2785 inobediens,
1973 2737 2017 2777 τε·

1218 2823 1302 2880 quum
1320 2807 1368 2864 bei
1395 2824 1449 2874 rrou
1474 2810 1637 2880 possidebit,
1650 2812 1715 2882 quia
1733 2821 1871 2883 quantum
1887 2830 1940 2886 pro
1965 2832 2018 2871 no·

1218 2900 1292 2955 mine
1305 2897 1406 2954 Christi
1420 2900 1529 2978 longius
1539 2894 1735 2974 elongabimini
1748 2918 1763 2956 a
1774 2898 1892 2972 saeculo,
1909 2913 2017 2962 tautum

1217 2989 1390 3045 merebimini
1435 2990 1497 3047 lieri
1536 2992 1685 3049 ¹viciniores
1719 2993 1800 3049 eoelo.
1823 3025 1859 3036 -
1888 2994 2018 3062 Domine,

1217 3081 1346 3152 inquiunt
1358 3081 1408 3149 illi,
1425 3083 1548 3154 nunqntd
1564 3083 1655 3139 adhue
1681 3084 1887 3143 auxiliabimini
1913 3088 2019 3143 nolis?

371 3190 459 3246 retur,
476 3179 717 3235 circumsteterunt
738 3191 833 3232 ornnes
851 3183 991 3243 qementes
1011 3171 1038 3231 ci
1058 3175 1165 3243 lleutes,
1220 3204 1255 3214 -
1277 3173 1305 3229 Si
1321 3189 1371 3245 ego
1387 3188 1507 3245 possem,
1523 3175 1628 3245 utique,
1646 3174 1783 3233 iratres.»

372 3270 614 3339 eiqnedieeutes:
639 3268 728 3324 rhhl
750 3268 800 3323 ahl
820 3268 873 3323 ahl
895 3268 976 3325 l‘ater
1000 3270 1164 3327 charissime
1250 3268 1296 3323 28.
1314 3266 1424 3324 Fratres
1448 3277 1540 3323 antem
1569 3269 1656 3338 gavisi
1668 3278 1694 3324 et
1719 3268 1812 3325 securi
1834 3269 1870 3326 de
1900 3281 2016 3343 paterna

372 3370 524 3433 pastorque
541 3360 622 3426 lione,
638 3374 702 3414 ccee
716 3373 766 3414 uos
779 3359 942 3428 reliquimus
959 3361 1052 3416 ouruia
1075 3372 1103 3416 ει
1117 3378 1164 3417 sn·
1217 3352 1409 3415 consolatione
1436 3359 1566 3415 dixerunt
1583 3360 1609 3416 ci
1626 3361 1746 3416 iterent:
1772 3379 1781 3412 r
1798 3359 1883 3417 Pater
1908 3372 1937 3418 et
1963 3364 2015 3419 do·

372 3456 427 3512 euti
445 3451 739 3518 suuruste;'rervirnus
761 3449 793 3505 ati
807 3458 842 3505 tc.
860 3448 939 3506 Nunc
963 3451 1008 3506 dic
1023 3465 1088 3522 crgo
1120 3456 1163 3507 eui
1217 3451 1301 3518 mine,
1321 3452 1400 3506 multi
1425 3451 1516 3507 adhuc
1543 3460 1570 3507 et
1595 3451 1671 3507 aliud
1697 3452 1778 3508 nobis
1803 3451 1901 3509 dicunt
1918 3472 1925 3508 :
1941 3451 2013 3509 buna

371 3564 424 3603 uos
437 3558 466 3602 tn
484 3544 628 3616 relinquIs,
639 3543 687 3614 qui
701 3557 796 3598 eurem
813 3542 912 3599 haheat
926 3543 960 3597 de
975 3543 1075 3598 uobisi
1097 3544 1164 3615 quid
1216 3543 1290 3600 cuim
1307 3559 1356 3599 vos
1373 3543 1510 3609 vixeritis,
1530 3559 1580 3599 tros
1595 3543 1769 3600 manebimus
1783 3544 1918 3613 insimul;
1935 3558 2014 3617 post·

330 3694 335 3704 ,
371 3633 1165 3713 igiturnobisdabiseousiliii'iuautemnosuullateuus
1215 3648 1297 3704 quam
1317 3648 1367 3689 vos
1387 3632 1742 3705 morientiui,uequaquum
1769 3635 1922 3705 poterimus
1947 3653 2015 3692 sus

370 3731 475 3787 babere
500 3729 636 3800 permittis
661 3714 776 3796 bestias,
800 3738 936 3786 terrarum
962 3712 1164 3799 possessiones,
1215 3725 1334 3793 tentari,
1362 3726 1385 3781 si
1406 3726 1507 3783 bestias
1525 3741 1580 3781 nou
1595 3725 1809 3785 habuerimus.»
1830 3726 1938 3794 Quibus
1964 3729 2014 3784 ille

371 3825 505 3891 decimas,
514 3821 659 3889 ecelesias,
671 3828 700 3877 et
711 3836 756 3878 rcs
768 3822 802 3877 ad
816 3837 864 3877 eas
876 3824 1059 3893 pertinentes;
1076 3822 1164 3879 reddi·
1215 3818 1254 3873 ait
1270 3837 1276 3873 :
1301 3837 1310 3870 r
1325 3818 1438 3873 Fratres
1449 3827 1476 3875 et
1490 3818 1538 3890 qui
1551 3820 1632 3875 vobis
1643 3820 1738 3877 dieunt
1759 3829 1861 3878 emant.
1886 3820 2014 3877 hbbatrs

370 3930 417 3976 tus
431 3927 459 3976 et
476 3926 599 3989 quaestus
616 3915 676 3973 siue
687 3931 807 3987 quorum
818 3933 883 3973 rura
900 3917 945 3972 vix
960 3927 1008 3973 aut
1021 3934 1162 3990 nunquam
1215 3912 1317 3985 quippe
1329 3912 1424 3968 dieunt
1439 3920 1466 3967 et
1479 3912 1525 3966 alii
1538 3912 1661 3984 religiosi
1671 3920 1699 3968 et
1708 3914 1792 3969 ctiam
1806 3913 1946 3984 sapientes
1955 3912 2014 3969 cle·

373 4008 533 4081 temporalis
565 4007 618 4064 ista
644 4016 735 4078 potest
763 4007 911 4063 sustentari
934 4007 1000 4063 vita.
1030 4037 1064 4048 -
1096 4007 1164 4063 Fra·
1215 4004 1276 4059 rici.
1301 4002 1411 4069 Errant,
1434 4003 1557 4073 iuquam,
1582 4004 1628 4074 qui
1643 4005 1696 4061 hoe
1721 4004 1830 4071 dicunt,
1854 4014 1882 4059 ει
1905 4014 2012 4076 quantu

287 4125 289 4132 ’
370 4099 1164 4176 trcs„iuquiteis,illillcoveroeuiomniasuntctser·
1214 4095 1367 4150 meliorest
1382 4095 1510 4161 clericus,
1525 4098 1603 4150 tauto
1616 4094 1735 4166 aurplius
1750 4103 1835 4163 errat,
1849 4098 1926 4166 quod
1941 4091 2012 4153 herus

369 4197 458 4263 viuut,
475 4194 555 4265 enjus
569 4206 681 4264 qnoque.
693 4198 791 4247 natura
805 4190 925 4258 brumas,
941 4189 1021 4260 cujus
1036 4189 1164 4247 voluutas
1214 4202 1296 4258 posse
1308 4202 1388 4242 suum
1403 4187 1512 4242 amittat
1530 4187 1661 4258 quoniam
1677 4187 1833 4258 Stephanus
1845 4190 1883 4245 de
1904 4189 2011 4245 llnretu

368 4285 507 4357 potentia,
529 4283 608 4354 cujus
634 4296 703 4353 opus
724 4280 915 4337 misericordia
937 4289 989 4347 est,
1012 4295 1061 4351 pro
1083 4280 1163 4350 eujus
1214 4279 1368 4335 morietur:
1392 4277 1488 4350 Operae
1513 4280 1632 4351 pretium
1652 4293 1792 4353 ergeuen
1811 4290 1854 4338 est
1877 4275 2009 4348 Domruc,

369 4392 436 4434 vero
448 4390 544 4432 amore
559 4375 653 4430 omnia
668 4372 817 4445 reliquistis
830 4389 881 4445 ego
893 4388 942 4428 vos
960 4372 1094 4444 relinquo,
1111 4388 1163 4445 ego
1213 4363 1286 4443 quod
1300 4387 1351 4444 ego
1367 4374 1480 4439 moriar,
1501 4374 1524 4430 si
1549 4368 1594 4430 ille
1613 4389 1695 4446 posse
1716 4385 1798 4447 suum
1824 4376 2011 4449 emittitque·

369 4484 419 4526 vos
432 4467 604 4525 commendo.
627 4466 673 4521 llle
687 4467 760 4523 euiur
779 4467 913 4536 benignus
937 4465 1009 4521 heus
1027 4474 1089 4536 aget
1112 4481 1163 4521 eu·
1213 4465 1287 4520 uiam
1300 4481 1350 4535 ego
1366 4465 1478 4531 utoriar,
1496 4466 1552 4522 imo
1564 4467 1658 4524 sciatis
1677 4468 1791 4523 firmiter
1809 4468 2010 4541 quodpropter

368 4563 477 4619 vaurde
498 4560 577 4617 vobis
593 4560 666 4615 sieut
680 4558 770 4614 bouus
792 4556 935 4625 hominus,
951 4557 998 4627 qui
1018 4556 1086 4611 bcue
1110 4556 1162 4612 scit
1213 4566 1326 4628 peccata
1341 4573 1399 4612 mea
1410 4557 1494 4636 'vohis
1509 4553 1646 4615 subtrabit
1668 4559 1801 4617 beuellcia
1815 4576 1888 4618 sua:
1907 4571 1936 4617 et
1957 4562 2010 4617 hoe

369 4671 464 4711 curam
478 4654 579 4710 habere
593 4652 627 4708 de
640 4651 727 4707 servis
742 4651 811 4718 suis,
829 4651 887 4720 ipse
901 4664 1011 4721 quoquc
1026 4648 1161 4703 dabitvo-
1216 4648 1327 4717 quidem
1349 4656 1541 4717 postmortem
1558 4664 1648 4705 meam
1665 4649 1804 4718 videbitis,
1830 4650 1898 4721 qula
1919 4661 1960 4707 tot
1981 4662 2010 4707 ει

369 4747 413 4803 his
427 4746 500 4814 quod
514 4758 627 4801 necesse
642 4741 737 4807 luerit,
752 4757 802 4797 uec
818 4750 907 4797 tamen
924 4741 978 4797 hoc
993 4739 1065 4810 quod
1078 4739 1160 4795 velle·
1178 4767 1201 4823 Ι)
1216 4746 1290 4819 tarrta
1306 4738 1389 4794 laeict
1404 4738 1493 4804 vobis,
1516 4741 1588 4795 uude
1599 4756 1649 4796 vos
1664 4754 1761 4797 omues
1784 4741 1969 4809 mirabimini,
1985 4742 2008 4796 sl

371 4840 416 4894 tis.
435 4836 570 4893 Voseuim
587 4835 713 4896 luornines
727 4834 805 4898 estis,
828 4842 855 4888 et
879 4833 906 4887 iu
922 4833 979 4889 boc
1002 4832 1161 4902 delinquere
1213 4837 1304 4884 tamcu
1322 4829 1348 4883 iu
1366 4830 1488 4885 hactum
1512 4840 1607 4887 sarrcta
1622 4833 1677 4889 vita
1695 4834 1898 4904 remanseritis,
1912 4845 2009 4907 quate-

370 4932 509 5007 possetis:
525 4929 571 4985 tali
585 4927 695 5000 quidem
719 4926 797 4981 vobis
813 4926 875 4980 dieo
897 4935 988 4995 paeto,
1015 4925 1037 4979 si
1063 4925 1090 4978 in
1106 4925 1160 4979 vita
1213 4921 1303 4976 uussi
1318 4921 1441 4992 quotidie
1453 4937 1507 4977 uon
1521 4924 1671 4993 videretur,
1685 4926 1737 4980 vix
1753 4925 1788 4980 ab
1804 4926 1899 4997 aliquo
1913 4928 2009 4983 crede·

312 5061 314 5066 .
370 5029 423 5084 ista
440 5022 588 5081 remanetis
601 5040 609 5090 ;
621 5020 644 5078 si
656 5029 749 5076 autem
762 5020 795 5074 dc
811 5019 865 5073 vita
877 5016 1057 5084 recesseritis,
1071 5030 1122 5086 eqo
1135 5016 1161 5070 ei
1213 5022 1299 5069 retur.
1317 5033 1326 5067 r
1353 5012 1453 5086 sieque
1468 5015 1595 5073 modoad
1619 5016 1720 5074 iratres
1732 5018 1783 5073 viri
1799 5016 1847 5074 liei
1868 5020 2007 5091 completa

369 5118 499 5190 iniuriam
519 5115 649 5181 lacerem,
667 5113 690 5168 si
712 5112 792 5170 uoltis
811 5126 862 5168 sua
879 5108 1078 5181 promitterem,
1096 5109 1161 5179 quia
1213 5114 1255 5160 est
1269 5105 1415 5160 sententia.

369 5213 427 5268 l'ere
440 5208 663 5281 supputabuntur
676 5203 876 5276 quinquaginta
895 5202 959 5256 aum
974 5201 1047 5271 quod
1066 5215 1116 5272 eqo
1133 5199 1160 5254 in
1248 5195 1295 5252 29.
1313 5197 1391 5253 Tunc
1405 5198 1504 5255 deinde
1516 5208 1631 5273 rogatus
1647 5218 1663 5258 a
1679 5201 1811 5262 iratribus
1827 5212 1857 5260 ut
1872 5205 2008 5265 ducive·

369 5306 442 5361 hanc
457 5300 633 5360 solitudinem
649 5298 722 5364 veni,
737 5309 878 5366 nunquam
896 5292 974 5363 panis
996 5300 1160 5363 postcomm
1213 5286 1278 5344 bum
1293 5287 1347 5347 illis
1360 5290 1505 5360 prolerrct,
1529 5292 1692 5366 priusquam
1708 5297 1742 5352 dc
1767 5295 1819 5353 buc
1836 5297 1939 5354 saeculo
1951 5299 2009 5354 mi-

370 5394 458 5451 autari
474 5391 562 5463 potuit
581 5389 650 5460 quin
665 5387 737 5443 Deus
751 5387 819 5440 ntihi
834 5385 911 5439 daret
933 5383 1007 5454 qued
1020 5381 1091 5437 bene
1104 5379 1163 5452 sul·

370 5488 444 5544 lorrc
459 5485 551 5555 potui;
569 5491 657 5552 neque
685 5489 740 5535 tam
758 5479 864 5550 largum
880 5492 989 5546 semper
1009 5474 1072 5541 luit,
1095 5474 1161 5544 quin

371 5582 440 5638 be:.e
453 5555 539 5634 totum
554 5585 629 5632 esset
650 5575 833 5632 necessarium
850 5572 924 5643 qnod
949 5571 1021 5626 Deus
1036 5570 1164 5641 praestitit

372 5673 439 5729 nrlhi
458 5690 465 5726 ι
487 5668 667 5737 similiterque
684 5666 765 5721 laniet
789 5664 878 5729 vobis,
895 5663 917 5718 si
934 5663 961 5717 iu
981 5663 1037 5716 vite
1052 5662 1104 5716 hac
1119 5675 1163 5715 rer·

366 5760 539 5822 ,matuseritisn
557 5757 677 5830 ideoque
696 5758 760 5813 nolu
785 5771 836 5828 eqo
863 5764 892 5810 ut
909 5753 1033 5811 habeatis
1048 5752 1162 5815 bestias,

371 5871 423 5914 uec
434 5865 531 5920 terras,
543 5867 594 5908 uec
605 5850 736 5916 decimas,
751 5864 801 5904 nce
815 5846 958 5912 ecelesias,
967 5861 1016 5902 uec
1028 5854 1162 5916 quaestus,

373 5959 425 6002 trec
436 5945 571 6012 redditus,
584 5951 613 5997 ut
634 5940 707 5997 brus
721 5939 801 5997 vobIs
812 5941 848 5996 tit
869 5939 957 6011 magis
977 5938 1160 5994 necessarius.

373 6038 441 6096 dun
452 6038 524 6095 euin
537 6036 610 6095 Deus
620 6034 698 6096 vebis
711 6033 798 6106 ntaqis
813 6031 986 6093 necessarius
997 6030 1090 6101 iusrit,
1103 6045 1170 6120 ant-¹

1214 5389 1305 5453 gravet
1319 5382 1352 5438 ad
1364 5382 1516 5466 Christum,
1529 5400 1686 5443 sermonem
1697 5388 1790 5444 statim
1801 5389 1932 5445 omnibus
1946 5404 2009 5461 pro-

1213 5476 1316 5547 posuit,
1332 5478 1452 5547 qualiter
1465 5477 1553 5535 Deum
1570 5480 1665 5538 colere
1681 5481 1826 5550 deberent,
1843 5483 1949 5540 trinum
1966 5486 2008 5540 vi·

1214 5568 1313 5624 delicet
1332 5570 1360 5624 iu
1376 5571 1514 5640 personis,
1539 5587 1625 5627 uuum
1640 5572 1668 5628 iu
1689 5575 1808 5630 essentia
1826 5573 2008 5634 diuinitatis:

1214 5660 1360 5717 intimabat
1371 5676 1435 5718 vero
1449 5662 1483 5720 de
1502 5663 1637 5722 charitate
1652 5674 1683 5721 ut
1703 5665 1776 5724 Deus
1789 5666 1895 5725 seilicet
1909 5669 2009 5743 dilige·

1214 5763 1290 5810 retur
1305 5757 1468 5824 totocorde,
1487 5765 1545 5813 tota
1566 5767 1672 5827 meute;
1695 5766 1723 5815 et
1737 5759 1791 5816 lroc
1813 5762 2010 5835 unusquisque

1213 5845 1385 5916 impenderet
1409 5848 1535 5919 proximo
1562 5847 1636 5919 quod
1663 5850 1715 5906 sibi
1733 5850 1814 5905 vellet
1827 5850 1949 5921 impendi
1972 5853 2010 5908 ab

1214 5933 1271 5991 illo.
1288 5934 1326 5992 De
1344 5936 1499 5995 humilitate
1518 5940 1630 6009 quidem
1642 5935 1731 6011 qualis
1743 5950 1816 5998 esset
1831 5943 2009 6012 ostendebat,

1213 6029 1278 6102 truie
1294 6045 1343 6103 per
1356 6030 1540 6091 humilitatem
1552 6032 1619 6091 illue
1629 6035 1797 6108 pervenitur,
1813 6038 1889 6108 uude
1907 6051 2010 6113 anper.
