4584 6767
389 602 442 668 ter
885 598 1023 658 nuruum
1042 599 1073 657 s.
1093 596 1280 654 trunsum
1299 569 1401 653 econ.
1423 594 1576 652 uomens
1974 603 2028 657 res

388 732 551 777 accrescens
574 715 674 790 ioseph
695 733 703 774 t
726 718 797 776 lilius
820 732 991 783 accrescens,
1007 716 1064 786 qui,
1075 724 1183 786 postea·
1199 714 1223 771 A
1238 719 1290 765 tem
1302 712 1440 783 ptatientee
1452 709 1560 782 (llatth.
1574 711 1663 782 rrtrt).
1678 711 1767 781 utque
1777 712 1841 768 alibi
1858 731 1864 766 :
1882 712 1928 768 l'te
1942 715 2028 781 eoiie,

388 827 470 884 quam
483 811 554 867 Deus
570 810 654 867 Jacob
672 810 784 867 divertit
796 811 830 867 ab
842 808 973 866 oneribus
986 809 1096 865 horsum
1111 806 1180 876 eius,
1234 800 1333 857 Scrihoe
1347 812 1371 857 et
1393 800 1527 856 Ptrarittei
1542 802 1697 873 hypocrita,
1714 805 1777 874 quia
1793 806 1894 860 similet
1911 807 1975 862 eatis
1988 824 2031 863 rt·

389 910 532 972 postquam
551 914 647 956 manus
668 897 727 967 eius
743 899 770 953 in
793 898 909 970 cophino
934 896 1098 960 servierunt,
1112 895 1181 952 adeo
1230 891 1482 962 pulcritdcoihotis,
1499 887 1670 961 quietioris
1687 902 1780 962 parent
1799 895 1951 951 hominihus
1970 913 2031 967 epe-

389 991 520 1059 accrerit,
536 998 669 1062 quatenus
681 1000 791 1062 propter
805 989 958 1058 prudentias
970 999 998 1044 et
1008 987 1182 1060 gubernatio-
1231 988 1315 1051 riom,
1335 986 1407 1040 intua
1430 1002 1489 1040 uero
1510 983 1588 1055 plenu
1611 994 1674 1039 suut
1698 986 1801 1042 ostibus
1822 997 1990 1044 mertuorum
2004 1000 2031 1045 et

390 1083 433 1139 nis
447 1092 610 1138 summatem
629 1083 790 1139 industriam
806 1081 932 1155 Salvator
944 1081 1036 1137 mundi
1051 1080 1085 1136 ab
1098 1076 1183 1151 AEqy·
1231 1078 1302 1132 onrni
1318 1078 1447 1147 spurcitie
1460 1093 1469 1133 ε
1482 1078 1519 1131 sic
1536 1088 1561 1131 et
1575 1095 1620 1133 uos
1632 1096 1648 1132 a
1659 1078 1725 1147 [orit
1747 1079 1858 1150 quidem
1870 1082 1969 1141 paretis
1986 1084 2032 1137 iro·

389 1171 454 1243 ptiis
469 1170 667 1243 appellaretur,
683 1173 792 1243 sapiens
807 1174 886 1245 plane
906 1181 936 1230 et
955 1171 1119 1241 intelligens,
1135 1171 1181 1240 qui
1231 1166 1344 1221 minibus
1354 1167 1433 1236 jurati,
1446 1168 1517 1221 intus
1529 1167 1707 1257 intemptent
1716 1170 1780 1224 ettit
1793 1170 1926 1241 hypocrisi
1938 1181 1965 1228 et
1979 1174 2031 1229 irti-

389 1275 501 1335 propter
519 1264 703 1322 innocentiam
718 1274 801 1336 atque
815 1263 951 1325 eastitatis
975 1262 1181 1334 praerogativam

389 1354 572 1425 gubernacula
588 1356 748 1424 possideret.

426 1445 515 1501 borda
538 1446 732 1516 interpretatur
753 1448 890 1518 qenerutio
920 1446 1053 1510 scientim
1075 1444 1182 1512 diabol,

302 1597 306 1605 ¹
389 1535 564 1606 induipcntio.
590 1538 623 1592 Et
633 1540 835 1609 generationem
848 1537 997 1608 accipimus
1012 1537 1183 1606 patriarcha·

390 1641 450 1681 rmn
468 1642 501 1682 ae
514 1628 720 1699 prophetarum,
734 1630 860 1686 uidelicet
882 1629 998 1684 liliorum
1019 1627 1114 1691 iacob,
1130 1630 1183 1687 riri

389 1716 533 1773 admodum
561 1718 747 1791 indulgentis:
765 1719 866 1790 quibus
892 1718 1029 1775 universis
1054 1718 1182 1774 Salomon

390 1809 535 1880 praelertpr
551 1810 578 1867 in
593 1812 740 1882 sapientia.

703 1901 818 1960 CAPUT
839 1905 871 1963 V.

426 1990 494 2058 Quia
515 1990 753 2065 turnewttelne.
768 1995 917 2051 seeundum
932 1995 1004 2052 Petri
1020 1995 1133 2066 apostoli
1143 1995 1185 2050 di·

390 2081 647 2147 ammadvertamus
658 2092 743 2138 notter
749 2084 879 2146 diabolus.
887 2099 1011 2157 tunquam
1021 2087 1060 2142 leo
1068 2087 1183 2156 tuqiertr,

390 2175 485 2226 circuit
497 2189 617 2243 querens
630 2191 706 2245 quem
719 2177 821 2234 deuoret
834 2177 858 2248 (l
876 2177 947 2232 Petr.
965 2180 1001 2246 t),
1013 2181 1112 2248 pudico
1126 2181 1183 2235 cui·

390 2278 443 2333 quc
455 2279 488 2320 ac
498 2264 588 2320 sobrio
601 2266 749 2322 curandum
766 2282 928 2339 magnopere
940 2279 992 2335 est,
1007 2284 1060 2339 quo
1077 2270 1183 2326 muudi·

315 2399 320 2411 .
391 2355 435 2408 tius
448 2363 476 2408 et
486 2355 620 2410 castitatis
634 2356 700 2411 ritet
715 2359 854 2425 scandula,
867 2373 1026 2427 consessus,
1042 2377 1181 2429 susurros,

388 2440 571 2513 pellaciasque
596 2447 830 2506 muliercularum.
844 2447 984 2520 ‘Equidem
1010 2452 1118 2508 illorum
1136 2468 1182 2509 su·

388 2531 560 2601 perabundat
573 2551 714 2604 numerus,
729 2552 844 2609 quorum
858 2550 945 2599 status
960 2552 1007 2599 aut
1018 2560 1181 2611 concussus,

390 2635 437 2680 aut
453 2642 564 2685 eversus
579 2646 628 2701 per
644 2632 704 2688 illas
717 2642 769 2699 est,
783 2635 846 2689 dum
869 2634 951 2689 etiarn
970 2635 1182 2691 monasticorum

389 2715 526 2772 maximus
539 2734 602 2788 qrex
617 2719 730 2792 (bugella
743 2733 769 2778 te
781 2724 878 2794 pugnis
892 2733 918 2779 et
929 2735 1052 2793 percute,
1066 2717 1200 2797 erasmo-J

389 2803 433 2860 lici
445 2807 569 2877 exemplo
580 2806 756 2876 Publicani,o
768 2811 979 2883 virlacrynrose)
993 2813 1017 2867 in
1028 2815 1099 2869 lranc
1113 2831 1182 2872 cun-

389 2891 533 2972 spirererit
553 2895 733 2966 disciplinam,
745 2914 835 2969 neque
850 2901 971 2970 seriptis.
992 2918 1080 2979 neque
1089 2919 1182 2960 erem·

389 2982 441 3053 plis
455 2994 543 3053 potest
557 2986 693 3056 aliquibus
708 2990 858 3059 impetrari,
869 3007 903 3048 ne
915 2983 1015 3050 iratres
1030 2998 1181 3066 sororibus,

390 3087 499 3130 sorores
516 3075 646 3134 iratribus
663 3079 737 3147 iusto
751 3081 900 3152 impensius
918 3083 1045 3141 libernles
1060 3088 1126 3143 sint.

427 3165 566 3222 llecnrdor
584 3177 715 3237 praeterea
732 3172 876 3240 quemdum
893 3174 1033 3244 splendide
1047 3187 1073 3232 et
1089 3178 1181 3248 magni

390 3252 511 3308 lubitum
524 3256 593 3324 apud
608 3259 750 3315 emendares
766 3261 902 3318 reclusum
922 3273 1015 3321 nostra
1031 3274 1110 3322 aetate
1122 3267 1182 3337 plus

1231 1256 1331 1326 qrtitttte
1347 1257 1446 1329 (ibid).

1538 1350 1652 1408 CAPUT
1671 1351 1714 1408 ll.

1267 1443 1324 1498 Nou
1340 1451 1430 1499 autem
1447 1443 1620 1500 solummodo
1644 1453 1769 1515 patenter
1783 1447 1870 1505 bostis
1894 1448 1940 1505 ille
1958 1450 2029 1506 anti·

1232 1546 1312 1601 quus,
1328 1532 1374 1600 qui
1389 1546 1487 1603 passus
1509 1541 1551 1585 est
1567 1532 1675 1588 ruinam
1698 1548 1760 1590 cum
1783 1536 1841 1593 suis
1863 1537 2031 1607 sequacibus

1234 1636 1370 1692 stagneum,
1385 1636 1549 1692 congressus
1562 1620 1627 1678 iacit
1639 1630 1669 1676 ut
1683 1622 1738 1691 leo,
1755 1624 1803 1681 sed
1822 1628 1952 1696 quoniam
1967 1645 2030 1686 ser-

1233 1725 1299 1782 pens
1311 1726 1421 1781 quoque
1435 1719 1477 1766 est
1487 1711 1550 1766 Este
1561 1712 1700 1778 seductor,
1714 1714 1846 1784 quoniam
1860 1717 1950 1773 bruco
1969 1735 2029 1775 rna·

1233 1816 1301 1873 gnus
1316 1809 1356 1856 est
1368 1797 1458 1855 mundi
1473 1800 1648 1868 reinelmus,
1662 1800 1779 1857 latenter
1790 1804 1874 1860 etiam
1891 1807 2028 1871 bonorum

1234 1895 1319 1950 ruinae
1342 1895 1463 1964 inuigilat
1475 1903 1502 1949 et
1518 1894 1618 1950 insistit
1637 1895 1765 1961 omnibus
1779 1898 1895 1956 nocendi
1911 1903 2029 1972 artibus,

1235 1985 1385 2041 innumeris
1399 1985 1603 2055 phantasiarum
1626 1986 1760 2044 machinis
1773 2004 1873 2061 urgens
1889 2001 1945 2048 tam
1960 1994 2031 2063 riqi-

1199 2054 1221 2109 Β
1235 2077 1323 2130 lantes
1335 2090 1415 2144 quam
1432 2074 1610 2130 durrnientes.

1269 2168 1358 2237 Atque
1374 2166 1519 2235 aliquando
1533 2181 1595 2222 eum
1616 2181 1700 2237 super
1713 2168 1867 2239 hujusmodi
1882 2172 1971 2229 irater
1985 2175 2029 2231 ia·

1234 2258 1320 2313 uicem
1334 2263 1522 2319 tractaremus,
1534 2269 1567 2310 ae
1578 2254 1612 2309 de
1626 2255 1710 2326 gestis
1728 2264 1886 2313 sanctorum
1904 2260 2030 2331 codicem

1234 2346 1443 2411 cerole-eremus,
1456 2344 1576 2398 occurrit
1588 2343 1679 2411 lectio,
1691 2359 1751 2414 quae
1767 2358 1940 2411 memoraret,
1954 2352 2029 2419 qnod

1233 2434 1334 2490 luerint
1359 2436 1413 2490 duo
1440 2434 1541 2490 fratres
1564 2434 1709 2490 Picentina
1735 2435 1840 2492 oriundi
1869 2440 2029 2507 prouincia,

1234 2528 1390 2584 Victorinus
1411 2536 1438 2582 et
1454 2527 1612 2583 severinus.
1637 2526 1669 2582 lli
1685 2528 1786 2585 lluridce
1798 2529 1954 2600 juventutis
1968 2542 2032 2605 post

1234 2623 1375 2691 utriusque
1388 2620 1510 2689 parentis
1522 2620 1626 2675 obitum
1639 2634 1748 2676 omnem
1762 2621 1884 2694 relictam
1901 2624 1953 2679 sibi
1965 2625 2032 2681 sub-

1233 2714 1362 2770 stantium
1395 2712 1575 2767 uendiderunt
1596 2720 1623 2767 et
1648 2712 1812 2783 pauperibus
1834 2725 2029 2786 erogaverunt,

1225 2814 1368 2875 ’quatenus
1394 2800 1578 2873 apostolorum
1608 2800 1695 2857 instar
1721 2801 1906 2871 relinquemus
1935 2806 2028 2860 omnia

1234 2897 1359 2952 mercede
1373 2895 1540 2951 donarentur
1555 2892 1713 2961 apostolica.
1735 2891 1763 2948 lu
1779 2894 1927 2951 remotiore
1945 2898 2030 2965 igitur

1233 2988 1295 3043 lucu
1320 2987 1524 3042 lubricaverunt
1547 2982 1600 3038 sibi
1622 2981 1760 3050 cellulam,
1775 2984 1801 3040 in
1825 2999 1878 3054 qua
1894 2986 2032 3059 degebant

1233 3078 1426 3136 communiter.
1441 3074 1514 3130 tituil
1528 3083 1589 3130 erat
1605 3072 1658 3129 turs
1680 3075 1831 3146 proprium,
1847 3077 1914 3132 nibil
1936 3087 2030 3135 tamen

1234 3172 1328 3225 deerat
1342 3167 1533 3223 'necessarium
1550 3182 1558 3220 :
1573 3164 1734 3221 alteralteri
1753 3169 1888 3224 seruiebat
1900 3175 1927 3225 et
1940 3182 1972 3225 ιε
1984 3170 2030 3225 in·

1234 3260 1319 3316 uicem
1344 3258 1402 3315 suis
1424 3256 1596 3312 editlcabant
1620 3254 1785 3325 uirtutibus,
1809 3273 1860 3314 nec
1882 3259 2032 3332 aliquando

390 3359 471 3413 quam
495 3347 662 3404 snettlariter
683 3353 842 3409 concidisse.
870 3354 987 3412 Obtentu
1009 3359 1180 3426 sanctitutis,
1233 3350 1348 3421 seiuncti
1363 3355 1455 3403 mulda
1469 3347 1573 3417 sei1¹⁸⁰s
1584 3348 1705 3405 ⁰⁰⁸¹0ffi¹
1719 3350 1943 3419 daetidmabaui.
1958 3369 2029 3424 qua·

390 3449 471 3503 quam
493 3437 647 3505 simulabat,
668 3440 910 3513 frequentabatur,
927 3448 1073 3517 plurimum
1089 3451 1182 3507 eunie-
1236 3448 1313 3495 ¹0¹¹1¹⁵
1327 3440 1360 3494 ‘¹⁶
1375 3437 1428 3493 1¹¹ss
1443 3436 1506 3507 jure
1528 3438 1665 3494 dicerem?
1678 3455 1685 3492 ²
1699 3429 1764 3493 ΕΜ
1784 3454 1864 3508 ΨΜ
1889 3441 1989 3498 imm
2005 3456 2032 3499 tt

391 3527 706 3599 reiraumroiplurinra,
723 3533 776 3590 ttlts
793 3537 885 3607 otique
906 3539 1063 3605 sitrriluudo,
1081 3543 1183 3611 quibus
1233 3549 1313 3603 ‘iiim‘
1334 3530 1485 3601 dmidium
1514 3530 1634 3585 'labiim
1657 3529 1753 3600 immi
1781 3532 1808 3584 t'tt
1832 3548 1913 3587 “mim
1936 3534 2030 3604 (Pthi-

390 3635 405 3673 a
420 3617 533 3676 Doudno
552 3620 652 3677 dictum
667 3632 726 3678 est:
746 3623 790 3680 i'c¹
805 3627 889 3692 uobis,
903 3626 1003 3702 Scribe
1013 3640 1038 3684 et
1050 3628 1183 3700 Ptrupiroei
1232 3623 1351 3694 cmii)-

390 3710 541 3780 hypocrita,
560 3714 606 3783 qtti
627 3716 762 3771 conteditis
785 3718 878 3774 tlorrtos
898 3711 1043 3775 uiduarum
1062 3724 1183 3779 orutt'orte
1270 3710 1362 3775 P⁰ii⁰=
1375 3711 1532 3768 Vi⁰i⁰ii¹¹¹¹s
1551 3711 1579 3765 5¹¹
1605 3710 1701 3767 illim
1719 3712 2030 3784 ⁰3¹0⁰³r01h1¹0¹bdu111

390 3800 468 3871 ionqtt
485 3812 599 3858 orontes.
621 3793 733 3876 Propte'e
750 3808 798 3862 hoe
820 3810 931 3874 unrpliur
956 3812 1089 3882 accipiar,
1103 3812 1182 3881 jum.
1234 3804 1392 3859 descensum
1405 3814 1535 3873 reputans
1545 3818 1606 3860 esse
1620 3819 1673 3859 non
1686 3819 1830 3863 ascensum
1842 3807 2028 3879 perfectiouis,

390 3894 459 3946 ciunt
472 3892 580 3961 (hiutth.
593 3898 683 3967 xxrrt).
707 3898 818 3955 Solebat
834 3900 877 3956 ille
900 3902 1058 3972 aliquando,
1077 3902 1183 3959 festivis
1216 3883 1353 3951 'ir-aternu
1376 3895 1472 3952 saltem
1487 3896 1710 3964 cohabitatione,
1733 3898 1829 3956 solatio
1850 3907 1879 3956 et
1901 3904 2029 3960 convictu

391 3984 509 4040 maxime
532 3987 626 4043 diebus
650 3987 683 4044 de
703 3989 800 4045 cellula
826 3992 896 4046 clam
920 3996 1006 4061 exire,
1023 4001 1050 4048 ot
1073 3994 1138 4063 quin
1155 3996 1182 4050 in
1234 3986 1302 4052 ῐιιιῑ.
1316 3987 1522 4057 solitariumque
1542 3987 1628 4058 pluris
1651 3985 1790 4059 iudicans,
1804 4006 1867 4047 eum
1887 3992 1961 4049 dicat
1975 3993 2029 4051 tte-

292 4117 295 4121 ·
391 4087 484 4131 moute
504 4078 643 4134 solitarius
656 4083 794 4147 manebat,
812 4082 979 4153 inrquolibet
993 4083 1101 4143 ddosso
1115 4085 1182 4143 deli·
1233 4082 1391 4138 clesiastes:
1406 4081 1502 4136 liuline
1516 4091 1553 4160 ιιι
1569 4080 1636 4137 duos
1652 4082 1733 4137 simul
1747 4100 1803 4140 este
1822 4102 1902 4157 quoru
1926 4105 2027 4157 uuum,-

392 4176 495 4223 tescete
519 4169 589 4236 loco,
608 4171 689 4228 veluti
715 4183 879 4244 gravaretur
903 4176 1062 4246 inquietari,
1073 4186 1101 4233 et
1116 4193 1182 4234 con-
1233 4176 1328 4231 hubent
1344 4176 1414 4230 eninr
1434 4175 1639 4230 emolumentum
1658 4175 1791 4231 societatis
1817 4194 1873 4234 tute
1889 4195 1900 4235 .·
1915 4180 1940 4235 ti
1959 4198 2028 4239 unus

392 4259 595 4328 tenrplationom
611 4276 659 4317 seu
684 4264 823 4321 orationes
839 4266 974 4338 impediri.
1000 4266 1053 4324 Sed
1070 4268 1182 4325 intrarit
1233 4268 1354 4322 ceciderit
1374 4268 1406 4321 oh
1427 4267 1509 4321 ulcero
1523 4266 1649 4335 fulcietur
1661 4265 1762 4337 (Eccle.
1779 4268 1830 4340 tr),
1853 4269 1965 4326 iratrem
1980 4274 2028 4328 dc-

390 4367 464 4408 mors
478 4365 526 4423 per
540 4352 673 4411 fenestras
696 4356 766 4428 ejus,
783 4372 816 4414 eo
833 4361 904 4429 quod
923 4360 1077 4431 juvencula·
1099 4361 1182 4416 mini·
1234 4360 1312 4426 serit,
1326 4361 1359 4416 ad
1377 4375 1499 4416 cremum
1514 4373 1543 4414 se
1556 4357 1673 4415 coniert.
1695 4358 1842 4430 Praerupta·
1856 4361 2028 4421 celsitudinis

390 4447 488 4502 stratui
507 4446 568 4513 sibi,
590 4456 671 4518 atque
691 4464 739 4520 per
760 4452 810 4506 lroc
835 4451 962 4508 licentius
979 4452 1131 4509 adhaerenti
1151 4468 1182 4509 se
1234 4466 1328 4520 rupem
1342 4448 1661 4519 lluriuspruterlluebat,
1676 4448 1732 4505 illic
1744 4449 1927 4507 arctissimum
1940 4454 2027 4510 ambit

391 4538 503 4594 nimium
528 4540 712 4607 acclinaverit,
725 4558 775 4597 nec
800 4545 834 4599 ub
857 4558 906 4599 ore
926 4559 987 4611 suo,
1004 4546 1116 4601 auribus
1139 4547 1181 4600 rel
1233 4556 1353 4611 specum.
1377 4541 1468 4597 Gratis
1482 4540 1583 4597 babere
1600 4541 1708 4611 quidet,
1728 4556 1797 4611 quos
1816 4540 1914 4598 artilex
1928 4552 2027 4600 natura

390 4629 486 4693 oculis,
502 4645 576 4685 nee-a
590 4629 692 4687 cellulae
714 4630 830 4686 leuesma
847 4632 975 4687 lascivam
999 4637 1179 4706 cumpescuit,
1232 4632 1366 4688 exstruxit
1379 4633 1508 4703 parietes.
1525 4631 1610 4685 Erant
1621 4631 1765 4699 ejusmodi,
1778 4639 1807 4685 ut
1823 4645 1878 4687 non
1892 4631 2022 4704 jacendo,

390 4729 478 4770 caecus
495 4725 522 4771 et
537 4716 671 4780 insulsus,
688 4718 733 4786 qui
748 4731 841 4773 nosset
856 4720 948 4775 videre
967 4730 995 4776 et
1018 4723 1099 4788 seire,
1116 4725 1179 4795 quia
1197 4735 1218 4790 1)
1233 4726 1279 4781 sed
1295 4725 1412 4781 sedendo
1436 4733 1540 4779 tantum
1564 4723 1737 4796 acquiescere
1758 4737 1854 4779 somno
1870 4717 1980 4794 posset.'
1995 4728 2025 4781 Si

391 4805 424 4861 de
437 4808 558 4877 periculo
575 4808 671 4863 unirnae
684 4810 756 4865 illius
774 4822 910 4879 ageretur.
926 4812 988 4870 ideo
1002 4814 1124 4871 irretitus
1138 4827 1181 4873 est
1232 4816 1386 4872 admisisset
1409 4815 1556 4885 lruspitem,
1571 4824 1646 4870 stare
1668 4812 1812 4884 oportebat
1834 4814 2024 4872 admissorem.

390 4899 641 4970 circumplexusque
654 4900 764 4959 leuibus
777 4913 950 4973 pcccatorum
965 4906 1044 4961 simul
1057 4917 1085 4962 ct
1095 4910 1181 4964 casti·
1232 4909 1328 4965 Postes
1339 4907 1466 4964 ostiolum
1481 4905 1603 4962 munibat
1618 4905 1765 4961 viminibus
1778 4905 1923 4962 intextum.
1936 4905 2025 4963 llmria

391 4988 489 5045 monite
515 4991 663 5047 incestator
683 5002 710 5050 et
729 4980 859 5066 propositi
885 4995 1135 5072 desertor-lactus,
1153 5010 1181 5055 et
1232 5003 1395 5073 uigiliarum,
1415 4999 1564 5065 orationes,
1577 4997 1691 5069 jejunia,
1708 4996 1840 5053 lectiones
1864 5012 1950 5053 sacrae
1971 4997 2026 5053 ire·
2049 5056 2051 5059 ,

389 5096 451 5137 curn
467 5082 512 5136 illa
528 5081 623 5151 pellice
639 5100 697 5147 sua,
715 5086 768 5140 imo
785 5097 920 5142 ctnoctuu
935 5098 1104 5157 pernoctem
1120 5098 1181 5144 tan·

390 5189 472 5244 quam
486 5175 540 5232 diei
556 5175 636 5252 fugax
649 5186 676 5231 et
692 5179 845 5235 reclusione
859 5180 978 5251 profugit
991 5182 1105 5252 pecunia
1124 5182 1181 5237 sui·

390 5253 551 5336 farcinatus,
567 5283 648 5338 qnam
668 5272 862 5341 congessisset.

426 5356 547 5416 Noreras
558 5377 622 5417 nero
636 5371 663 5417 ct
681 5373 707 5417 tu
725 5363 783 5432 ipse
803 5364 945 5434 quosdam,
962 5363 1118 5428 fortissime,
1137 5381 1182 5420 re·

391 5445 511 5514 igiosos,
524 5451 569 5516 qui
584 5450 690 5507 lortitcr
710 5454 825 5509 aliorum
842 5455 951 5509 minima
969 5455 1140 5520 ventilarent,
1155 5465 1182 5509 et

392 5549 441 5590 sua
455 5535 495 5589 sic
507 5538 625 5593 rttatima
640 5551 766 5612 tanquam
781 5545 945 5616 diploidem
961 5547 1022 5617 pilis
1036 5562 1180 5616 capturum

392 5624 506 5696 pullione
531 5628 640 5683 succino
662 5634 825 5692 adumbrare
843 5637 953 5705 uellent,
970 5638 1043 5693 uiros
1060 5638 1181 5702 virtutis,

393 5718 438 5787 qui
453 5719 524 5776 uelut
539 5720 644 5777 claram
657 5723 780 5782 llereulis
794 5729 925 5785 librarent
936 5731 961 5785 in
978 5732 1100 5786 subditos
1115 5729 1179 5783 illud

395 5809 596 5865 Sulumotrieum
610 5830 616 5866 ε
630 5812 681 5878 Qui
696 5816 805 5870 minimo
817 5818 932 5888 neqliqit,
941 5821 1071 5887 paulatim
1082 5820 1181 5874 decidet

395 5901 569 5971 (licelinus),
586 5908 662 5977 quusi
678 5906 749 5961 etde
764 5907 916 5964 istiusmodi
930 5910 1053 5968 Christus
1066 5928 1118 5967 nou
1138 5911 1180 5967 dt-

396 5993 485 6047 xerit:
501 5995 583 6054 Duces
601 6000 674 6068 cuti,
689 5999 835 6056 cucoinutet
851 6001 969 6066 trilicem,
986 6003 1114 6058 cnutelurn
1133 6020 1182 6058 uu-

1232 5091 1441 5162 qtrerrtabnntur.
1464 5088 1518 5144 Sed
1533 5089 1578 5159 qui
1600 5090 1686 5143 ddum
1701 5098 1729 5144 ει
1747 5088 1810 5144 Eece
1825 5089 1963 5145 inciderat
1976 5106 2027 5160 pa·

1234 5183 1362 5249 radisnm,
1376 5181 1474 5248 insidit
1492 5180 1574 5235 etiem
1598 5178 1737 5234 Victorino
1750 5186 1833 5234 tante
1847 5181 2026 5247 operositatis

1233 5274 1369 5343 palatium.
1379 5272 1535 5346 insidiatur,
1544 5270 1643 5325 circuit
1653 5270 1697 5323 ille
1708 5259 1920 5341 prtearnbulator
1933 5278 2025 5333 terrae,

1233 5365 1342 5420 instruit
1360 5363 1461 5429 dolnnr,
1476 5377 1530 5433 quo
1544 5360 1713 5417 constrariurn
1728 5360 1780 5416 sibi
1796 5360 1931 5417 aduenam
1946 5361 2026 5418 coelis

1233 5452 1384 5508 deiruudei.

1269 5544 1320 5611 ρει
1336 5543 1406 5598 εοιει
1420 5556 1488 5613 ¹erqo
1501 5556 1531 5597 se
1548 5542 1575 5596 iu
1594 5542 1719 5614 angelum
1735 5542 1931 5611 transilqurare
1947 5542 2024 5608 lucis,

1236 5634 1409 5706 transfigurat
1428 5650 1458 5690 se
1475 5636 1501 5689 in
1524 5635 1651 5704 puellam,
1671 5651 1703 5692 ac
1717 5635 1801 5690 veluti
1828 5635 1961 5706 palpando
1978 5636 2028 5689 im·

1235 5728 1349 5796 pingens
1373 5724 1446 5780 iores
1472 5724 1593 5779 concutit
1612 5724 1745 5791 eremite,
1768 5725 1895 5795 queritur
1918 5735 2026 5780 noctem

1235 5817 1416 5884 tenebrosam,
1431 5817 1532 5871 exaltat
1546 5815 1683 5887 planctus,
1698 5824 1726 5871 et
1746 5816 1880 5888 lacrymas
1895 5814 1983 5886 fingit,
1997 5834 2027 5871 sc

1235 5922 1377 5962 erroneam
1403 5905 1549 5961 iucurrisse
1573 5905 1742 5976 spinetorum
1764 5906 1837 5973 avia,
1860 5906 1954 5961 dentes
1970 5921 2028 5959 ure-

1236 6010 1311 6056 tuere
1322 5998 1550 6073 lerarmn‚petere
1562 6007 1652 6055 sutem
1664 5998 1744 6057 utrius
1756 5996 1929 6058 solummodo
1938 5998 2043 6053 noctis·
