4584 6767
381 582 449 640 titi
1002 574 1197 636 etentcsnts
1215 572 1250 629 lll
1268 572 1371 630 PAPAE
1942 570 2018 629 lib&

378 711 413 753 ae
427 691 571 750 devotione
585 691 763 749 debitarlam
786 699 829 745 est
858 689 993 744 uniuersa
1021 687 1113 743 carnis
1127 687 1171 741 in·
1185 692 1208 748 Α
1223 683 1351 741 Ecclesia
1375 682 1577 741 rationabiliter
1600 681 1782 756 promulgata,
1808 682 1861 740 nisi
1888 682 1961 740 lorte
1989 686 2019 741 in

378 801 502 859 pressus.
519 783 589 851 Quia
618 797 684 838 vcro
697 790 789 836 utrum
812 779 957 836 occasione
976 778 1099 835 vulneris
1123 778 1171 834 de·
1214 776 1391 833 contrariom
1415 775 1537 848 legitime
1557 776 1735 847 probaretur.
1764 776 1805 831 nd
1828 774 1959 831 ultimum
1978 777 2021 832 ei·

380 876 516 932 cessisset
540 862 655 928 dubium
687 870 848 937 habebatur,
878 867 985 941 [eodem
1013 868 1171 940 presbytero
1196 943 1198 949 Α
1221 868 1283 925 dem
1310 866 1419 922 mulieri
1446 882 1511 923 nero
1537 867 1668 923 delictum
1694 881 1776 922 suurn
1800 865 1850 921 tibi
1881 866 2021 925 conlessae
2080 914 2082 925 .

379 964 415 1020 ab
422 964 503 1020 omni
515 961 615 1029 officio,
631 960 819 1031 beneficioque
837 958 1171 1031 suspenso,]qnidsn1·er
1220 972 1331 1029 pmnam
1343 957 1419 1013 illam
1433 958 1573 1028 injungas,
1588 972 1671 1028 quam
1679 957 1759 1028 juxta
1778 952 1941 1028 qualitatem
1955 975 2021 1031 per·

287 1115 292 1122 ,
379 1054 610 1112 bocnobisessct
629 1052 765 1124 agendum
785 1052 965 1122 apostolicam
990 1050 1082 1106 sedem
1104 1067 1171 1125 eon·
1220 1062 1296 1104 sonae
1306 1056 1334 1104 ct
1346 1047 1528 1118 quantitatem
1554 1062 1685 1105 excessus
1703 1047 1845 1106 eirideris
1870 1049 2019 1123 imponen·
2071 1118 2076 1122 ,

380 1143 485 1201 sultare
496 1144 634 1200 voluistis.
658 1142 737 1199 llunc
763 1141 856 1212 itaque
875 1150 973 1197 nestrae
996 1140 1171 1198 discretionis
1219 1138 1306 1210 dam]
1533 1209 1539 1220 Ι

379 1232 523 1289 industrie
537 1232 666 1290 duximus
697 1230 931 1301 respondendum,
945 1230 1029 1301 quod,
1051 1245 1112 1286 cum
1142 1230 1169 1285 in
1256 1228 1391 1286 llartinus
1407 1228 1534 1286 Berlbam
1558 1229 1636 1286 duxit
1652 1229 1680 1285 in
1706 1245 1819 1286 uxorem
1838 1248 1846 1299 ;
1862 1230 2017 1305 ’leberpam

378 1325 471 1384 dubiis
495 1325 620 1380 semitam
641 1323 790 1379 debeamus
817 1322 930 1400 eligere·
948 1322 1096 1389 tutiorem,
1120 1337 1171 1376 uos
1220 1320 1273 1376 sibi
1290 1318 1597 1391 Lotbarius'copularit;
1612 1319 1758 1378 Lotlrarius
1776 1320 1886 1378 blartini
1910 1324 2018 1381 ctBer-

379 1415 507 1471 conuenit
537 1414 679 1485 injungere
707 1413 867 1484 presbytero
893 1422 1060 1480 memorato,
1077 1427 1111 1468 ne
1136 1412 1170 1466 de
1221 1413 1373 1469 thaefilium
1388 1416 1422 1469 de
1437 1430 1516 1470 sacro
1537 1413 1613 1470 lonte
1637 1414 1770 1485 suscepit;
1788 1414 2019 1474 Lotbarinsrero

348 1511 352 1521 '
379 1515 479 1562 caetero
495 1504 523 1560 in
543 1506 630 1561 sacris
653 1504 798 1561 ordinibus
825 1504 1018 1560 administrare
1040 1503 1169 1570 accedat;
1220 1510 1248 1559 et
1261 1502 1360 1559 llertba
1372 1505 1491 1561 sublatis
1504 1506 1538 1561 de
1551 1505 1653 1573 medio,
1665 1505 1799 1563 llartinus
1815 1522 1877 1563 cuna
1891 1507 2017 1581 Teberpa

380 1597 505 1667 iniuncta
523 1605 614 1652 tamen
631 1596 792 1667 poenitentia
819 1596 983 1665 congruenti
1006 1596 1121 1665 potestis
1144 1596 1170 1651 ei
1221 1598 1370 1653 contraxit.
1387 1597 1502 1669 (Quaerit
1515 1607 1560 1654 tua
1578 1597 1735 1655 fraternitas
1758 1609 1851 1656 utrum
1874 1603 1943 1659 tales
1958 1604 2018 1668 siut

379 1688 542 1756 concedere,
565 1697 595 1743 ut
620 1689 656 1743 sit
670 1695 817 1744 contentus
840 1687 867 1741 iu
895 1686 1049 1743 minoribus
1065 1687 1171 1743 ordini·
1220 1676 1383 1744 abinvicem
1399 1689 1543 1758 separandi
1556 1700 1565 1759 t
1576 1686 1633 1744 llos
1648 1696 1739 1745 autern
1751 1699 1804 1746 tuae
1818 1693 2016 1749 consultationi

379 1779 433 1836 bus
455 1781 624 1837 ministrare.
641 1778 670 1835 Si
697 1794 764 1836 nero
792 1778 881 1850 [robis
903 1778 1025 1849 legitime
1037 1767 1171 1837 eonstite-
1220 1778 1351 1835 duximus
1362 1778 1585 1848 respondendum
1603 1780 1765 1848 paradeum
1783 1783 1935 1838 secundum
1949 1799 2014 1840 rer·

378 1871 426 1939 rit,
439 1871 525 1945 quod]
540 1888 574 1928 er
595 1872 649 1927 alia
666 1871 825 1927 infirmitate
840 1870 950 1938 obierit,
976 1873 1010 1928 de
1034 1881 1123 1929 vestra
1138 1874 1171 1929 li·
1220 1868 1286 1925 bum
1300 1866 1410 1923 llomini
1424 1868 1467 1923 rir
1480 1877 1508 1923 ct
1519 1868 1617 1922 mulier
1629 1883 1683 1922 una
1704 1884 1752 1938 per
1768 1870 1936 1926 connubium
1949 1889 2016 1930 carc

379 1963 467 2017 centia
478 1964 589 2034 poterit,
604 1962 678 2018 sicut
696 1969 756 2018 erat
772 1961 882 2028 solitus,
907 1962 1000 2018 dirius
1015 1962 1103 2019 officia
1123 1979 1170 2021 cc-
1220 1958 1383 2026 obiciantur,
1395 1959 1531 2032 liquidnm
1544 1968 1585 2014 est
1598 1956 1750 2029 Tebergam
1774 1974 1830 2015 non
1843 1976 1925 2031 posse
1936 1960 2016 2017 liar·

378 2053 496 2110 lebrarc.
701 2114 707 2125 ¹
809 2085 811 2089 .
1186 2029 1283 2107 Btino
1304 2051 1541 2107 matrimonialiter
1565 2050 1709 2120 copulari,
1733 2050 1781 2121 qui
1808 2066 1869 2106 eam
1891 2069 1943 2124 par
1969 2054 2015 2127 [1.

416 2141 692 2218 [occumberemus]
726 2186 728 2189 >
1030 2215 1034 2220 .
1220 2140 1375 2214 compater]
1394 2142 1454 2212 ejus
1476 2140 1576 2208 luerat,
1591 2157 1654 2197 cnm
1670 2155 1726 2213 quo
1751 2134 1808 2212 ip'sa
1823 2140 1945 2216 'loberga
1960 2161 2017 2201 arna

733 2261 807 2330 ml
1222 2234 1345 2290 noscitur
1354 2249 1419 2290 caro
1432 2232 1581 2291 exstitisse.
1605 2234 1612 2246 '

378 2367 585 2449 Adcpiscopum
601 2366 752 2437 qrremdom.
775 2366 861 2422 -De
879 2369 995 2439 picodum
1007 2372 1169 2438 parochiano
1257 2322 1454 2395 [sumnum
1469 2339 1535 2379 ΨΟ
1549 2326 1583 2380 ⁴¹⁰
1610 2341 1665 2396 ‘¹¹¹⁰
1683 2327 2017 2399 ¹⁰⁸⁰¹iP¹¹¹¹¹¹²P⁰⁸¹⁰flc⁸

414 2454 471 2507 ejus
486 2453 545 2507 quo
558 2452 641 2490 onnes
655 2437 778 2491 undecim
793 2438 915 2492 nondum
926 2440 1013 2492 nullane
1026 2452 1089 2494 rmto
1100 2440 1169 2495 Tera-
1221 2412 1294 2469 'edis
1307 2412 1462 2482 9⁰⁵¹⁰¹²⁸²5r
1477 2421 1570 2469 mmm
1596 2415 1772 2487 ⁰⁰¹¹l¹¹ll²¹¹¹sr
1788 2417 1836 2486 ‘1¹¹i
1851 2430 1916 2474 ΝΜ
1939 2433 2009 2474 ⁰⁰¹¹·

414 2508 502 2560 tonica
530 2504 638 2560 cuidem
663 2508 691 2559 in
719 2508 921 2561 matrimonium
945 2509 1045 2564 trudito
1069 2508 1168 2580 lueret,
1221 2509 1338 2558 tractum
1352 2502 1559 2557 matrimonium
1579 2504 1675 2559 uxoris
1700 2519 1758 2561 suae
1776 2507 2015 2578 consanguineam

414 2576 534 2648 austrinis
549 2576 673 2630 lennem·
1220 2593 1402 2663 propinquam
1414 2592 1518 2648 carnali
1546 2593 1737 2650 commistione
1758 2596 1895 2665 cognorit,
1909 2612 1974 2652 curn
1988 2598 2016 2653 id

414 2687 455 2743 Ad
474 2687 500 2742 id
510 2686 584 2758 quod
609 2686 689 2744 nobis
700 2701 750 2758 per
773 2689 878 2746 litteras
903 2699 965 2746 tuas
989 2691 1121 2748 intimasti
1136 2694 1170 2749 de
1220 2692 1338 2754 uterquc
1352 2683 1528 2749 ⁰⁰¹¹ss10²¹¹¹¹2
1543 2691 1572 2737 ²²
1592 2683 1685 2754 illidi
1710 2698 1774 2753 lm
1795 2684 1902 2741 liclnlae
1921 2686 1946 2741 ill
1969 2702 2016 2742 ¹⁶·

379 2778 497 2851 quadam
512 2776 680 2849 parochiana
697 2785 753 2847 tua,
770 2794 853 2850 quam
877 2796 944 2839 suus
966 2783 1088 2840 pierreius
1111 2785 1171 2840 cuj.
1221 2773 1340 2829 clamare
1353 2772 1472 2839 dicatur,
1488 2771 1524 2827 sit
1535 2772 1570 2827 ab
1585 2786 1670 2828 uxore
1686 2786 1736 2827 sua
1750 2770 1882 2829 Ecclesiae
1904 2774 2014 2845 judicio

380 2871 445 2927 darn
469 2868 621 2925 Teutonico
641 2871 883 2928 matrimonialiter
906 2875 1057 2944 copularit,
1080 2877 1170 2932 taliter
1221 2864 1400 2933 “natandum
1423 2863 1470 2920 ²²¹5
1491 2877 1625 2933 f0⁸l⁰¹¹⁸0
1642 2872 1696 2920 ¹⁰ae
1719 2857 1885 2920 Ῑῐθῑθῐηῑῑθῑῑ
1911 2866 2016 2922 ¹⁰⁸⁰st-

378 2962 577 3031 respondemus
600 2962 683 3033 quod,
707 2964 833 3034 quamvis
854 2966 981 3021 undecim
1010 2981 1099 3023 annos
1116 2966 1170 3025 nn.
1219 2954 1408 3026 bimus,quod
1425 2954 1542 3032 sialiter
1562 2954 1665 3011 recitas
1678 2954 1820 3011 ordinario
1831 2954 1937 3026 judicio
1959 2972 2015 3012 nes

379 3052 434 3108 buc
458 3051 563 3106 babens
587 3052 622 3107 ab
638 3052 717 3108 initio
737 3054 761 3109 ei
788 3054 873 3111 inrita
899 3054 997 3112 luisset
1021 3057 1120 3115 tradita
1143 3071 1171 3117 ct
1220 3047 1339 3119 Ρθῑΰθῐῑῑ
1360 3047 1387 3101 Ῑ“
1403 3046 1528 3114 muneres
1554 3054 1667 3118 bf⁰l¹¹0f
1691 3061 1786 3102 0⁰¹l¹¹¹¹
1811 3045 2015 3104 ⁰⁰¹¹s0⁸⁸¹⁰¹¹0¹¹

378 3133 510 3207 renitens,
531 3147 633 3209 tamen,
660 3142 724 3212 qrria
747 3144 923 3214 postmodnm
940 3161 998 3217 per>
1013 3161 1115 3202 aunum
1129 3147 1171 3203 di·
1220 3137 1423 3206 tantummodo,
1435 3138 1478 3193 rel
1491 3153 1629 3194 rumorem
1640 3138 1747 3195 viciniae
1756 3140 1880 3210 separari
1899 3155 1955 3195 non
1968 3140 2016 3196 de·

379 3230 527 3287 midiumrc
547 3232 574 3287 ei
596 3231 761 3289 cobabitans
778 3234 960 3291 consensisse
982 3236 1112 3305 ridetur,
1135 3237 1170 3293 ad
1221 3231 1297 3287 beni·
1310 3229 1380 3285 Cum
1395 3230 1468 3284 enim
1491 3227 1603 3300 quando
1624 3230 1751 3287 nonnulli
1776 3231 1893 3310 interce
1916 3242 2016 3287 contr·

379 3321 470 3390 ipsum
488 3329 531 3375 est
555 3320 678 3392 cogenda
704 3322 795 3378 redire
814 3341 821 3391 ;
849 3338 901 3379 nec
919 3324 953 3379 de
974 3335 1073 3382 caenero
1098 3330 1203 3417 peppo
1221 3319 1428 3377 matrimonium
1451 3321 1591 3377 colludere
1615 3320 1727 3388 velint,
1751 3321 1786 3377 ad
1807 3320 2016 3378 contessionem

377 3408 470 3480 piendi
487 3418 551 3465 sunt
562 3417 655 3477 testes,
665 3411 688 3466 si
703 3425 774 3480 quos
784 3422 934 3468 memorata
949 3415 1047 3471 mulier
1054 3417 1088 3471 ad
1103 3434 1170 3488 pro.
1220 3414 1342 3468 incestus
1358 3409 1437 3466 facile
1453 3411 1621 3481 prosilirent,
1638 3412 1663 3467 si
1685 3427 1737 3468 suo
1762 3411 1897 3469 desiderio
1917 3413 2018 3470 crede·

358 3498 501 3554 »bandum
525 3499 600 3569 quod
615 3514 672 3555 non
695 3502 868 3558 consenserit
885 3502 918 3557 in
943 3508 1170 3563 eumnominarit
1221 3513 1282 3560 rerrt
1306 3503 1496 3575 praejudicinm
1531 3506 1764 3561 concurrendum.
1792 3504 1897 3561 liumor
1921 3514 2016 3563 autem

378 3590 582 3664 producendos,
597 3607 660 3647 eum
676 3607 753 3668 mora
772 3594 841 3648 tanti
854 3595 987 3666 temporis
1010 3596 1169 3668 hujusmodi
1220 3592 1327 3648 ticiniae
1351 3607 1407 3648 1¹⁰⁰
1431 3602 1474 3648 esi
1499 3595 1631 3650 momenti
1657 3611 1744 3667 usquo
1766 3596 1835 3653 adeo
1848 3595 2017 3667 indicendo·

378 3685 570 3757 probationem
586 3686 723 3742 excludat.
753 3684 886 3743 Volumus
905 3689 989 3760 igitur
1013 3700 1040 3746 ει
1054 3693 1170 3749 manda.
1220 3683 1319 3752 valide,
1331 3683 1405 3754 quod
1421 3685 1474 3741 nisi
1486 3685 1663 3743 rationabiles
1674 3695 1701 3743 et
1729 3687 1782 3744 lide
1803 3687 1894 3760 dignae
1911 3690 2015 3759 proba·

308 3787 310 3792 ·
378 3788 442 3827 mus
453 3779 493 3838 ut,
510 3783 621 3844 propter
649 3774 701 3831 lroc
720 3790 775 3831 non
801 3776 914 3833 omittas
937 3779 1087 3849 quominus
1110 3780 1171 3853 [ap.
1221 3774 1309 3832 tiones
1323 3776 1462 3844 accedant,
1478 3777 1586 3847 possint
1596 3776 1666 3834 bene
1678 3780 1858 3836 constitutum
1871 3781 2014 3837 matrimo-

378 3864 526 3939 pellatione
555 3862 671 3935 remota]
697 3879 746 3934 per
774 3879 921 3920 censuram
953 3868 1170 3926 ecclesiasticam
1220 3857 1413 3939 sturnorum]

380 3962 529 4025 utrumque
561 3955 711 4025 compellas
743 3955 777 4011 ad
808 3956 925 4012 alterum
954 3960 1074 4016 maritali
1105 3961 1171 4017 atie·
1258 3958 1364 4031 [Tertio
1388 3959 1448 4016 loco
1475 3961 1638 4031 questionis
1660 3961 1820 4033 bujusnrodi
1839 3963 1944 4019 nodum
1959 3963 2018 4021 ira·

380 4050 473 4106 ctione
499 4050 693 4116 reamandum,
720 4050 774 4105 nisi
790 4048 862 4106 iorte
884 4051 983 4107 vellent
996 4052 1031 4107 ad
1059 4054 1171 4126 religio·
1220 4052 1336 4107 ternitas
1350 4060 1397 4106 tua
1419 4052 1497 4118 petiit
1511 4054 1717 4124 erplsscandum,
1745 4070 1780 4109 an
1800 4054 1911 4124 juvenis
1929 4070 2018 4126 spon·

380 4153 444 4194 nem
469 4140 573 4209 pariter
597 4139 757 4205 convolare,
775 4153 857 4209 poena
880 4139 921 4194 cis
947 4138 1048 4194 indicta
1066 4157 1116 4213 pro
1137 4157 1171 4199 eo
1221 4157 1281 4199 sam
1295 4142 1416 4197 suamin
1429 4151 1562 4213 quantum
1575 4159 1624 4215 per
1647 4144 1733 4200 rerba
1747 4144 1782 4199 de
1802 4146 1931 4215 praesenti
1946 4161 2017 4201 con·

380 4232 455 4304 mrod
479 4232 514 4289 ad
540 4232 646 4290 alienos
669 4239 698 4288 et
725 4230 836 4286 illicitos
863 4229 1026 4286 concubitus
1055 4241 1171 4303 uterque
1222 4235 1318 4301 sensit,
1335 4250 1448 4291 uxorem
1463 4236 1560 4294 debeat
1581 4236 1692 4302 babere,
1715 4236 1749 4290 ad
1777 4251 1895 4307 quorum
1919 4239 2017 4294 matri·

380 4323 546 4383 transiverit.
762 4345 766 4353 ·
1222 4325 1345 4379 monium
1360 4324 1563 4395 impediendum
1579 4325 1668 4396 neptis
1696 4325 1783 4396 ipsius
1809 4340 1919 4396 sponsae
1947 4343 2017 4399 pro·

416 4416 527 4491 [batum
542 4416 695 4490 Laterani]
1222 4414 1316 4471 silicns
1331 4432 1361 4472 se
1375 4430 1391 4471 a
1407 4416 1508 4487 jurene
1520 4417 1670 4473 carnaliter
1695 4407 1893 4487 'praecopnitam
1914 4433 2018 4490 propo-

735 4533 828 4592 fflfl·
1222 4509 1323 4577 nebat,
1340 4517 1368 4565 et
1385 4524 1448 4565 cum
1463 4510 1562 4566 deboc
1581 4519 1665 4566 testes
1688 4510 1862 4581 produceret,
1884 4510 2019 4568 dixerunt

378 4627 422 4686 Art
448 4626 646 4683 Formolensem
670 4627 832 4697 episcopum.
853 4654 890 4667 -
904 4625 1099 4691 Quartionilmc
1114 4626 1171 4696 ejua
1223 4601 1261 4657 iffi
1277 4616 1306 4658 ⁸²
1323 4617 1373 4672 pm
1387 4612 1463 4658 ωηο
1475 4600 1672 4672 “ederem
1695 4600 1741 4656 ¹¹¹³
1765 4602 1889 4708 Ρηάἱθξί
1903 4602 2017 4674 Ju'ffli‘

704 4697 851 4767 respondet.
1186 4705 1208 4760 ι)
1221 4693 1375 4750 concubina
1387 4694 1531 4762 exstiterit,
1543 4705 1571 4751 et
1585 4694 1610 4749 ci
1623 4692 1728 4750 carnali
1744 4694 1938 4751 commistione
1948 4709 2018 4751 eon·

415 4789 621 4861 consanguinei
636 4787 840 4858 Ermengardae,
864 4788 965 4845 latoris
978 4787 1168 4860 praesentium,
1218 4782 1325 4854 juncta,
1343 4783 1501 4855 adjicientes
1521 4783 1594 4856 quod
1612 4775 1661 4842 eo's
1684 4784 1799 4841 insimul
1812 4784 1944 4840 videbant
1966 4801 2017 4857 per

382 4880 454 4938 sicut
480 4880 562 4938 nobis
583 4880 684 4935 litteris
700 4881 754 4936 tuis
777 4880 911 4936 intimasti
928 4880 1092 4953 {productis
1107 4881 1171 4951 iure
1221 4876 1314 4946 illane,
1328 4883 1491 4945 etnemora,
1508 4875 1618 4941 Viam!
1632 4876 1660 4931 in
1674 4875 1837 4946 Vlssdlllfiess
1854 4889 2016 4947 wultm-

381 4974 434 5031 sub
447 4971 574 5029 examine
584 4969 727 5043 testibus],
737 4970 991 5042 compaternitatem
1000 4973 1071 5027 inter
1081 4973 1170 5043 ipsam
1221 4978 1273 5039 tes,
1285 4978 1313 5026 et
1326 4969 1515 5025 testimonium
1526 4967 1634 5024 niciniae
1659 4982 1691 5024 se
1703 4982 1786 5039 super
1800 4966 1855 5022 boc
1876 4969 2016 5039 recepisse

380 5075 409 5122 et
425 5065 607 5120 rlrumsuum
632 5062 755 5133 legitime
769 5059 925 5133 provenire,
940 5061 978 5117 ita
1001 5062 1075 5132 quod
1099 5063 1171 5119 inter
1220 5061 1356 5117 dicebant.
1378 5060 1420 5116 Ad
1444 5059 1576 5130 majorem
1604 5068 1697 5115 autem
1721 5057 1914 5116 certitudinem
1938 5061 2017 5130 quod

380 5171 429 5213 eos
443 5156 605 5214 sentcmiam
620 5153 730 5211 divortii
740 5152 889 5224 protulisti.
904 5151 1036 5211 Praedicta
1056 5153 1167 5211 recoli.
1221 5152 1313 5208 minus
1327 5150 1490 5209 sufficienter
1505 5150 1645 5207 credidisti
1659 5150 1815 5222 probatum,
1830 5153 1905 5223 quod
1918 5151 2017 5207 cadem

380 5265 443 5306 cnm
458 5249 494 5305 sit
506 5248 555 5304 tibi
566 5247 742 5318 postmodum
754 5244 955 5319 contessaejm
974 5256 1127 5303 commater
1140 5247 1168 5302 in
1221 5244 1321 5300 mulier
1335 5244 1477 5308 asserebat
1501 5252 1558 5298 tam
1581 5243 1670 5313 ipsam
1692 5257 1776 5315 quam
1795 5244 1925 5314 juvenem
1936 5243 2018 5315 jura·

379 5342 495 5396 ueritate
508 5349 571 5394 ante
592 5337 754 5407 sententiam
770 5352 825 5393 non
848 5337 944 5406 luisse,
968 5347 1032 5409 post
1056 5354 1169 5408 separa·
1222 5336 1324 5391 meotis
1353 5336 1482 5393 astrictos
1499 5335 1633 5390 dicentem
1646 5335 1810 5404 convenisti,
1832 5343 1859 5391 ct
1886 5350 2018 5391 seorsum

378 5433 483 5487 tionem
513 5430 770 5501 compaternitatem
785 5445 847 5488 eam
864 5430 1011 5498 contraxit,
1032 5438 1168 5486 ettamen
1221 5428 1295 5483 venti
1315 5426 1433 5483 coniessi
1452 5425 1614 5496 sunt,quod
1632 5440 1663 5482 se
1682 5426 1848 5483 adinvicem
1865 5426 2020 5483 carnaliter

379 5521 412 5577 ad
426 5520 561 5577 secundas
588 5521 699 5592 nuptias
711 5520 879 5578 consolavit.
892 5520 976 5594 [Quia
1003 5521 1089 5592 igitur
1105 5536 1168 5576 rea·
1221 5524 1473 5588 praecognoverant,
1490 5515 1555 5571 licet
1579 5516 1690 5587 juvenis
1716 5517 1800 5574 nollet
1814 5518 1850 5573 ab
1864 5532 1899 5573 ea
1928 5532 2020 5589 quam

381 5624 438 5669 tum
454 5628 535 5669 suum
557 5628 758 5685 recognoscens
773 5616 848 5671 hunc
869 5615 1016 5671 consilium
1042 5623 1167 5671 nostrum
1221 5611 1435 5681 desponsaverat
1461 5610 1594 5680 separari.
1608 5607 1665 5666 llos
1692 5619 1784 5665 autern
1800 5610 1835 5666 iis
1858 5624 1921 5680 qnae
1941 5610 2019 5667 dicta

380 5718 464 5773 rrrper
477 5703 530 5760 boc
542 5712 662 5773 expetat,
686 5712 717 5759 tu
743 5704 854 5761 anobis
881 5705 910 5760 in
942 5705 1001 5782 boc
1023 5705 1168 5775 postulasti
1221 5712 1286 5759 sunt
1298 5701 1443 5758 intellectis
1454 5702 1625 5757 attendentes
1649 5701 1758 5757 riciniae
1771 5699 2020 5758 lamamettlicto·

380 5808 556 5864 responsum.
582 5792 759 5851 Fraternitati
776 5804 831 5852 tua
855 5795 982 5867 praesenti
1009 5796 1108 5868 pagina
1124 5812 1170 5853 re·
1221 5810 1283 5850 rum
1302 5792 1437 5861 mulieris,
1465 5809 1499 5849 ac
1519 5793 1630 5864 juvenis
1653 5796 1786 5851 contictas
1808 5791 2020 5870 confabulatio-

382 5884 549 5954 spondomus
574 5885 770 5958 quodpropter
784 5886 1084 5944 solamconlessionem
1105 5902 1167 5942 mn-
1222 5902 1271 5963 nes
1287 5894 1314 5941 et
1335 5900 1384 5956 per
1412 5884 1574 5940 solitudines
1603 5899 1687 5956 vagos
1714 5886 1839 5943 incessus
1864 5899 1913 5957 por
1930 5892 2021 5941 testes

315 6009 342 6041 s.
382 5972 459 6033 lieris
473 5992 528 6034 non
539 5987 581 6037 est
593 5978 775 6036 recedendum
786 5994 801 6034 a
814 5979 950 6037 sententis
971 5978 1167 6053 perjudicium
1221 5992 1281 6034 esse
1292 5977 1431 6048 probatos,
1455 5987 1482 6033 et
1498 5975 1532 6032 dc
1550 5976 1654 6033 carnali
1678 5977 1832 6049 cognitione
1846 5992 1896 6033 eos
1906 5991 1961 6049 per
1973 5977 2019 6052 ju·
