<?xml version="1.0" encoding="UTF-8"?>
<!DOCTYPE html PUBLIC "-//W3C//DTD XHTML 1.0 Transitional//EN"
    "http://www.w3.org/TR/xhtml1/DTD/xhtml1-transitional.dtd">
<html xmlns="http://www.w3.org/1999/xhtml" xml:lang="en" lang="en">
 <head>
  <title>
</title>
<meta http-equiv="Content-Type" content="text/html;charset=utf-8" />
  <meta name='ocr-system' content='tesseract 3.04.00' />
  <meta name='ocr-capabilities' content='ocr_page ocr_carea ocr_par ocr_line ocrx_word'/>
</head>
<body>
  <div class='ocr_page' id='page_1' title='image "./patrologiaecurs97unkngoog/patrologiaecurs97unkngoog_0037.png"; bbox 0 0 4584 6767; ppageno 0'>
   <div class='ocr_carea' id='block_1_1' title="bbox 270 586 1916 690">
    <p class='ocr_par' dir='ltr' id='par_1_1' title="bbox 270 586 1916 690">
     <span class='ocr_line' id='line_1_1' title="bbox 270 586 1916 690; baseline -0.01 -1"><span class='ocrx_word' id='word_1_1' title='bbox 270 628 310 689; x_wconf 84' lang='lat' dir='ltr'>ts</span> <span class='ocrx_word' id='word_1_2' title='bbox 674 586 946 681; x_wconf 76' lang='lat' dir='ltr'>nrssrrsssto</span> <span class='ocrx_word' id='word_1_3' title='bbox 966 617 1130 679; x_wconf 78' lang='lat' dir='ltr'>sunna</span> <span class='ocrx_word' id='word_1_4' title='bbox 1149 613 1345 675; x_wconf 76' lang='lat' dir='ltr'>aaran·</span> <span class='ocrx_word' id='word_1_5' title='bbox 1361 609 1426 673; x_wconf 87' lang='lat' dir='ltr'>us.</span> <span class='ocrx_word' id='word_1_6' title='bbox 1446 608 1477 670; x_wconf 91' lang='lat' dir='ltr'>u.</span> <span class='ocrx_word' id='word_1_7' title='bbox 1596 681 1600 690; x_wconf 25' lang='lat'><strong>¹</strong></span> <span class='ocrx_word' id='word_1_8' title='bbox 1679 635 1689 654; x_wconf 30' lang='grc' dir='ltr'>ι</span> <span class='ocrx_word' id='word_1_9' title='bbox 1879 611 1916 672; x_wconf 83' lang='grc' dir='ltr'>ιι</span> 
     </span>
    </p>
   </div>
   <div class='ocr_carea' id='block_1_2' title="bbox 273 726 1917 1814">
    <p class='ocr_par' dir='ltr' id='par_1_2' title="bbox 273 726 1917 895">
     <span class='ocr_line' id='line_1_2' title="bbox 273 726 1917 805; baseline -0.01 -4"><span class='ocrx_word' id='word_1_10' title='bbox 273 740 370 801; x_wconf 83' lang='lat' dir='ltr'>toresl</span> <span class='ocrx_word' id='word_1_11' title='bbox 382 766 421 786; x_wconf 83' lang='lat'>-</span> <span class='ocrx_word' id='word_1_12' title='bbox 435 737 579 803; x_wconf 76' lang='lat' dir='ltr'>eliadam,</span> <span class='ocrx_word' id='word_1_13' title='bbox 601 731 710 805; x_wconf 80' lang='lat' dir='ltr'>innuit,</span> <span class='ocrx_word' id='word_1_14' title='bbox 735 735 855 793; x_wconf 82' lang='lat' dir='ltr'>amendia</span> <span class='ocrx_word' id='word_1_15' title='bbox 907 733 1108 799; x_wconf 74' lang='lat' dir='ltr'>tenebanturA</span> <span class='ocrx_word' id='word_1_16' title='bbox 1123 731 1237 799; x_wconf 90' lang='lat' dir='ltr'>protulit</span> <span class='ocrx_word' id='word_1_17' title='bbox 1257 730 1365 786; x_wconf 81' lang='lat' dir='ltr'>tandem</span> <span class='ocrx_word' id='word_1_18' title='bbox 1390 727 1579 785; x_wconf 84' lang='lat' dir='ltr'>sententiam:</span> <span class='ocrx_word' id='word_1_19' title='bbox 1603 726 1774 784; x_wconf 81' lang='lat' dir='ltr'>r&#39;lcrtullns</span> <span class='ocrx_word' id='word_1_20' title='bbox 1792 742 1841 785; x_wconf 90' lang='lat' dir='ltr'>ore</span> <span class='ocrx_word' id='word_1_21' title='bbox 1864 744 1917 801; x_wconf 89' lang='lat' dir='ltr'>pu·</span> 
     </span>
     <span class='ocr_line' id='line_1_3' title="bbox 273 821 1916 895; baseline -0.009 -3"><span class='ocrx_word' id='word_1_22' title='bbox 273 837 440 895; x_wconf 71' lang='grc' dir='ltr'>ιηιιιιιιιιιι</span> <span class='ocrx_word' id='word_1_23' title='bbox 453 832 586 889; x_wconf 65' lang='lat' dir='ltr'>culeum</span> <span class='ocrx_word' id='word_1_24' title='bbox 605 847 615 884; x_wconf 88' lang='grc' dir='ltr'>ι</span> <span class='ocrx_word' id='word_1_25' title='bbox 996 835 999 842; x_wconf 85' lang='grc'><strong>’</strong></span> <span class='ocrx_word' id='word_1_26' title='bbox 1119 825 1193 882; x_wconf 91' lang='lat' dir='ltr'>blico</span> <span class='ocrx_word' id='word_1_27' title='bbox 1213 823 1349 889; x_wconf 83' lang='lat' dir='ltr'>laudatus,</span> <span class='ocrx_word' id='word_1_28' title='bbox 1372 821 1417 879; x_wconf 89' lang='lat' dir='ltr'>cui</span> <span class='ocrx_word' id='word_1_29' title='bbox 1429 824 1518 879; x_wconf 87' lang='lat' dir='ltr'>bonor</span> <span class='ocrx_word' id='word_1_30' title='bbox 1535 821 1707 893; x_wconf 88' lang='lat' dir='ltr'>promeritis</span> <span class='ocrx_word' id='word_1_31' title='bbox 1721 822 1916 892; x_wconf 82' lang='lat' dir='ltr'>rependendus</span> 
     </span>
    </p>

    <p class='ocr_par' dir='ltr' id='par_1_3' title="bbox 273 913 1917 1725">
     <span class='ocr_line' id='line_1_4' title="bbox 305 913 1916 998; baseline -0.009 -11"><span class='ocrx_word' id='word_1_32' title='bbox 305 927 420 998; x_wconf 72' lang='lat' dir='ltr'>Adiecit</span> <span class='ocrx_word' id='word_1_33' title='bbox 445 926 546 982; x_wconf 82' lang='lat' dir='ltr'>iterare</span> <span class='ocrx_word' id='word_1_34' title='bbox 574 922 726 979; x_wconf 79' lang='lat' dir='ltr'>advocatus</span> <span class='ocrx_word' id='word_1_35' title='bbox 748 936 757 976; x_wconf 80' lang='grc' dir='ltr'>ι</span> <span class='ocrx_word' id='word_1_36' title='bbox 781 938 793 973; x_wconf 83' lang='lat' dir='ltr'>s</span> <span class='ocrx_word' id='word_1_37' title='bbox 814 919 947 988; x_wconf 81' lang='lat' dir='ltr'>Equidem</span> <span class='ocrx_word' id='word_1_38' title='bbox 973 919 1069 986; x_wconf 87' lang='lat' dir='ltr'>scias,</span> <span class='ocrx_word' id='word_1_39' title='bbox 1119 923 1172 987; x_wconf 81' lang='lat' dir='ltr'>est,</span> <span class='ocrx_word' id='word_1_40' title='bbox 1195 930 1244 972; x_wconf 86' lang='lat' dir='ltr'>scu</span> <span class='ocrx_word' id='word_1_41' title='bbox 1267 914 1477 986; x_wconf 80' lang='lat' dir='ltr'>pronatalibus</span> <span class='ocrx_word' id='word_1_42' title='bbox 1490 915 1581 972; x_wconf 89' lang='lat' dir='ltr'>editor</span> <span class='ocrx_word' id='word_1_43' title='bbox 1593 913 1726 983; x_wconf 87' lang='lat' dir='ltr'>optimus,</span> <span class='ocrx_word' id='word_1_44' title='bbox 1740 922 1853 971; x_wconf 73' lang='lat' dir='ltr'>senatu</span> <span class='ocrx_word' id='word_1_45' title='bbox 1872 916 1916 973; x_wconf 89' lang='lat' dir='ltr'>in·</span> 
     </span>
     <span class='ocr_line' id='line_1_5' title="bbox 273 1006 1915 1091; baseline -0.006 -17"><span class='ocrx_word' id='word_1_46' title='bbox 273 1018 383 1091; x_wconf 68' lang='lat' dir='ltr'>aptium</span> <span class='ocrx_word' id='word_1_47' title='bbox 401 1029 517 1089; x_wconf 76' lang='lat' dir='ltr'>praeses,</span> <span class='ocrx_word' id='word_1_48' title='bbox 533 1028 599 1069; x_wconf 86' lang='lat' dir='ltr'>cunt</span> <span class='ocrx_word' id='word_1_49' title='bbox 618 1013 671 1068; x_wconf 87' lang='lat' dir='ltr'>ista</span> <span class='ocrx_word' id='word_1_50' title='bbox 691 1008 900 1080; x_wconf 89' lang='lat' dir='ltr'>diutiuspuella</span> <span class='ocrx_word' id='word_1_51' title='bbox 921 1016 1069 1075; x_wconf 79' lang='lat' dir='ltr'>certatum,</span> <span class='ocrx_word' id='word_1_52' title='bbox 1121 1007 1223 1078; x_wconf 80' lang='lat' dir='ltr'>signis.</span> <span class='ocrx_word' id='word_1_53' title='bbox 1249 1006 1408 1076; x_wconf 86' lang='lat' dir='ltr'>imperatori</span> <span class='ocrx_word' id='word_1_54' title='bbox 1426 1008 1534 1076; x_wconf 87' lang='lat' dir='ltr'>pariter</span> <span class='ocrx_word' id='word_1_55' title='bbox 1555 1010 1671 1062; x_wconf 81' lang='lat' dir='ltr'>deuotus</span> <span class='ocrx_word' id='word_1_56' title='bbox 1688 1019 1721 1061; x_wconf 87' lang='lat' dir='ltr'>ac</span> <span class='ocrx_word' id='word_1_57' title='bbox 1739 1006 1915 1074; x_wconf 87' lang='lat' dir='ltr'>numinibus,</span> 
     </span>
     <span class='ocr_line' id='line_1_6' title="bbox 273 1099 1917 1185; baseline -0.007 -17"><span class='ocrx_word' id='word_1_58' title='bbox 273 1121 413 1185; x_wconf 75' lang='lat' dir='ltr'>qnatenus</span> <span class='ocrx_word' id='word_1_59' title='bbox 436 1121 533 1164; x_wconf 88' lang='lat' dir='ltr'>errore</span> <span class='ocrx_word' id='word_1_60' title='bbox 552 1104 689 1175; x_wconf 88' lang='lat' dir='ltr'>potuisset</span> <span class='ocrx_word' id='word_1_61' title='bbox 712 1102 835 1160; x_wconf 89' lang='lat' dir='ltr'>liberari.</span> <span class='ocrx_word' id='word_1_62' title='bbox 857 1101 958 1158; x_wconf 77' lang='lat' dir='ltr'>Verum</span> <span class='ocrx_word' id='word_1_63' title='bbox 981 1113 1071 1169; x_wconf 80' lang='lat' dir='ltr'>neque</span> <span class='ocrx_word' id='word_1_64' title='bbox 1120 1103 1169 1174; x_wconf 82' lang='lat' dir='ltr'>gui</span> <span class='ocrx_word' id='word_1_65' title='bbox 1182 1110 1211 1158; x_wconf 92' lang='lat' dir='ltr'>et</span> <span class='ocrx_word' id='word_1_66' title='bbox 1224 1101 1329 1173; x_wconf 82' lang='lat' dir='ltr'>legibus</span> <span class='ocrx_word' id='word_1_67' title='bbox 1344 1101 1477 1157; x_wconf 79' lang='lat' dir='ltr'>satisfecit</span> <span class='ocrx_word' id='word_1_68' title='bbox 1487 1109 1516 1156; x_wconf 87' lang='lat' dir='ltr'>et</span> <span class='ocrx_word' id='word_1_69' title='bbox 1530 1099 1660 1165; x_wconf 85' lang='lat' dir='ltr'>cultibus,</span> <span class='ocrx_word' id='word_1_70' title='bbox 1682 1101 1762 1172; x_wconf 85' lang='lat' dir='ltr'>cujus</span> <span class='ocrx_word' id='word_1_71' title='bbox 1780 1100 1917 1169; x_wconf 83' lang='lat' dir='ltr'>imagines</span> 
     </span>
     <span class='ocr_line' id='line_1_7' title="bbox 273 1191 1915 1271; baseline -0.01 -11"><span class='ocrx_word' id='word_1_72' title='bbox 273 1203 411 1269; x_wconf 82' lang='lat' dir='ltr'>mulceri,</span> <span class='ocrx_word' id='word_1_73' title='bbox 430 1214 519 1271; x_wconf 86' lang='lat' dir='ltr'>neque</span> <span class='ocrx_word' id='word_1_74' title='bbox 543 1197 617 1256; x_wconf 80' lang='lat' dir='ltr'>hecti</span> <span class='ocrx_word' id='word_1_75' title='bbox 640 1212 762 1269; x_wconf 73' lang='lat' dir='ltr'>unguent</span> <span class='ocrx_word' id='word_1_76' title='bbox 785 1196 884 1269; x_wconf 90' lang='lat' dir='ltr'>potnit.</span> <span class='ocrx_word' id='word_1_77' title='bbox 907 1194 936 1250; x_wconf 94' lang='lat' dir='ltr'>ln</span> <span class='ocrx_word' id='word_1_78' title='bbox 963 1202 1070 1249; x_wconf 88' lang='lat' dir='ltr'>tanturn</span> <span class='ocrx_word' id='word_1_79' title='bbox 1122 1200 1208 1248; x_wconf 88' lang='lat' dir='ltr'>totant</span> <span class='ocrx_word' id='word_1_80' title='bbox 1227 1192 1328 1260; x_wconf 75' lang='lat' dir='ltr'>sepius</span> <span class='ocrx_word' id='word_1_81' title='bbox 1344 1206 1394 1262; x_wconf 86' lang='lat' dir='ltr'>per</span> <span class='ocrx_word' id='word_1_82' title='bbox 1410 1191 1507 1247; x_wconf 87' lang='lat' dir='ltr'>urbern</span> <span class='ocrx_word' id='word_1_83' title='bbox 1523 1191 1606 1252; x_wconf 83' lang='lat' dir='ltr'>etiarn</span> <span class='ocrx_word' id='word_1_84' title='bbox 1623 1191 1683 1265; x_wconf 91' lang='lat' dir='ltr'>lpse</span> <span class='ocrx_word' id='word_1_85' title='bbox 1705 1191 1820 1262; x_wconf 81' lang='lat' dir='ltr'>asperi,</span> <span class='ocrx_word' id='word_1_86' title='bbox 1843 1191 1915 1246; x_wconf 90' lang='lat' dir='ltr'>liber</span> 
     </span>
     <span class='ocr_line' id='line_1_8' title="bbox 274 1276 1915 1365; baseline -0.008 -14"><span class='ocrx_word' id='word_1_87' title='bbox 274 1292 429 1365; x_wconf 87' lang='lat' dir='ltr'>suppliciis,</span> <span class='ocrx_word' id='word_1_88' title='bbox 440 1290 647 1359; x_wconf 83' lang='lat' dir='ltr'>terroribusque</span> <span class='ocrx_word' id='word_1_89' title='bbox 655 1297 750 1359; x_wconf 89' lang='lat' dir='ltr'>pectus</span> <span class='ocrx_word' id='word_1_90' title='bbox 759 1285 1074 1355; x_wconf 82' lang='lat' dir='ltr'>contumacianragrcste</span> <span class='ocrx_word' id='word_1_91' title='bbox 1123 1285 1263 1341; x_wconf 72' lang='lat' dir='ltr'><strong>abscedat.</strong></span> <span class='ocrx_word' id='word_1_92' title='bbox 1279 1282 1390 1340; x_wconf 82' lang='lat' dir='ltr'>Rullum</span> <span class='ocrx_word' id='word_1_93' title='bbox 1408 1284 1647 1353; x_wconf 65' lang='lat' dir='ltr'>calumniantem,</span> <span class='ocrx_word' id='word_1_94' title='bbox 1666 1283 1770 1339; x_wconf 89' lang='lat' dir='ltr'>nullutn</span> <span class='ocrx_word' id='word_1_95' title='bbox 1792 1276 1915 1353; x_wconf 70' lang='lat' dir='ltr'>iudicata</span> 
     </span>
     <span class='ocr_line' id='line_1_9' title="bbox 274 1374 1916 1454; baseline -0.007 -14"><span class='ocrx_word' id='word_1_96' title='bbox 274 1383 414 1454; x_wconf 89' lang='lat' dir='ltr'>concepit.</span> <span class='ocrx_word' id='word_1_97' title='bbox 429 1381 485 1437; x_wconf 85' lang='lat' dir='ltr'>Sed</span> <span class='ocrx_word' id='word_1_98' title='bbox 497 1380 623 1451; x_wconf 78' lang='lat' dir='ltr'>aequitati</span> <span class='ocrx_word' id='word_1_99' title='bbox 638 1388 715 1434; x_wconf 89' lang='lat' dir='ltr'>certe</span> <span class='ocrx_word' id='word_1_100' title='bbox 725 1376 901 1443; x_wconf 68' lang='lat' dir='ltr'>detrahitur,</span> <span class='ocrx_word' id='word_1_101' title='bbox 916 1375 938 1431; x_wconf 86' lang='lat' dir='ltr'>sl</span> <span class='ocrx_word' id='word_1_102' title='bbox 952 1374 1076 1446; x_wconf 85' lang='lat' dir='ltr'>probitas</span> <span class='ocrx_word' id='word_1_103' title='bbox 1123 1383 1238 1430; x_wconf 84' lang='lat' dir='ltr'>metuat.</span> <span class='ocrx_word' id='word_1_104' title='bbox 1251 1376 1319 1430; x_wconf 87' lang='lat' dir='ltr'>bunt</span> <span class='ocrx_word' id='word_1_105' title='bbox 1332 1376 1511 1432; x_wconf 79' lang='lat' dir='ltr'>anrtbnstraee</span> <span class='ocrx_word' id='word_1_106' title='bbox 1524 1376 1615 1432; x_wconf 84' lang='lat' dir='ltr'>omnia</span> <span class='ocrx_word' id='word_1_107' title='bbox 1628 1376 1733 1432; x_wconf 89' lang='lat' dir='ltr'>securis</span> <span class='ocrx_word' id='word_1_108' title='bbox 1745 1374 1916 1442; x_wconf 75' lang='lat' dir='ltr'>intimentur,</span> 
     </span>
     <span class='ocr_line' id='line_1_10' title="bbox 274 1466 1917 1540; baseline -0.002 -11"><span class='ocrx_word' id='word_1_109' title='bbox 274 1474 457 1529; x_wconf 81' lang='lat' dir='ltr'>doruiuorutu</span> <span class='ocrx_word' id='word_1_110' title='bbox 479 1485 531 1540; x_wconf 89' lang='lat' dir='ltr'>pro</span> <span class='ocrx_word' id='word_1_111' title='bbox 554 1469 735 1540; x_wconf 71' lang='lat' dir='ltr'>improbitate</span> <span class='ocrx_word' id='word_1_112' title='bbox 755 1466 897 1539; x_wconf 71' lang='lat' dir='ltr'>plectatur</span> <span class='ocrx_word' id='word_1_113' title='bbox 921 1466 1075 1521; x_wconf 82' lang='lat' dir='ltr'>serrorum.</span> <span class='ocrx_word' id='word_1_114' title='bbox 1124 1466 1349 1524; x_wconf 85' lang='lat' dir='ltr'>scelestissimam</span> <span class='ocrx_word' id='word_1_115' title='bbox 1375 1469 1443 1525; x_wconf 83' lang='lat' dir='ltr'>nrihi</span> <span class='ocrx_word' id='word_1_116' title='bbox 1466 1468 1871 1539; x_wconf 78' lang='lat' dir='ltr'>usnepnettxnotteniiabco</span> <span class='ocrx_word' id='word_1_117' title='bbox 1888 1469 1917 1525; x_wconf 86' lang='lat' dir='ltr'>lu</span> 
     </span>
     <span class='ocr_line' id='line_1_11' title="bbox 273 1554 1917 1633; baseline -0.002 -13"><span class='ocrx_word' id='word_1_118' title='bbox 273 1563 369 1620; x_wconf 82' lang='lat' dir='ltr'>Bonos</span> <span class='ocrx_word' id='word_1_119' title='bbox 382 1560 539 1631; x_wconf 81' lang='lat' dir='ltr'>arllndicari</span> <span class='ocrx_word' id='word_1_120' title='bbox 557 1568 674 1631; x_wconf 88' lang='lat' dir='ltr'>proptor</span> <span class='ocrx_word' id='word_1_121' title='bbox 691 1558 778 1616; x_wconf 84' lang='lat' dir='ltr'>malos</span> <span class='ocrx_word' id='word_1_122' title='bbox 789 1556 901 1615; x_wconf 90' lang='lat' dir='ltr'>crudele</span> <span class='ocrx_word' id='word_1_123' title='bbox 916 1566 966 1614; x_wconf 84' lang='lat' dir='ltr'>est</span> <span class='ocrx_word' id='word_1_124' title='bbox 983 1554 1076 1627; x_wconf 72' lang='lat' dir='ltr'>Culpa</span> <span class='ocrx_word' id='word_1_125' title='bbox 1123 1558 1314 1633; x_wconf 59' lang='lat' dir='ltr'>publicarunt</span> <span class='ocrx_word' id='word_1_126' title='bbox 1326 1558 1466 1616; x_wconf 83' lang='lat' dir='ltr'>lrabeatct</span> <span class='ocrx_word' id='word_1_127' title='bbox 1478 1558 1557 1632; x_wconf 88' lang='lat' dir='ltr'>culpa</span> <span class='ocrx_word' id='word_1_128' title='bbox 1568 1559 1746 1633; x_wconf 87' lang='lat' dir='ltr'>supplicium,</span> <span class='ocrx_word' id='word_1_129' title='bbox 1761 1560 1917 1631; x_wconf 88' lang='lat' dir='ltr'>etpopnlus</span> 
     </span>
     <span class='ocr_line' id='line_1_12' title="bbox 275 1651 1364 1725; baseline -0.006 -11"><span class='ocrx_word' id='word_1_130' title='bbox 275 1653 467 1725; x_wconf 83' lang='lat' dir='ltr'>reosculpanr</span> <span class='ocrx_word' id='word_1_131' title='bbox 484 1653 578 1709; x_wconf 79' lang='lat' dir='ltr'>luae»</span> <span class='ocrx_word' id='word_1_132' title='bbox 1124 1652 1323 1724; x_wconf 81' lang='lat' dir='ltr'>exemplum.»</span> <span class='ocrx_word' id='word_1_133' title='bbox 1361 1651 1364 1658; x_wconf 89' lang='lat'>&#39;</span> 
     </span>
    </p>

    <p class='ocr_par' dir='ltr' id='par_1_4' title="bbox 310 1737 1084 1814">
     <span class='ocr_line' id='line_1_13' title="bbox 310 1737 1084 1814; baseline -0.012 -11"><span class='ocrx_word' id='word_1_134' title='bbox 310 1746 392 1803; x_wconf 78' lang='lat' dir='ltr'>Tunc</span> <span class='ocrx_word' id='word_1_135' title='bbox 412 1745 518 1801; x_wconf 89' lang='lat' dir='ltr'>diutina</span> <span class='ocrx_word' id='word_1_136' title='bbox 534 1756 637 1814; x_wconf 74' lang='lat' dir='ltr'>pruses</span> <span class='ocrx_word' id='word_1_137' title='bbox 661 1741 756 1799; x_wconf 86' lang='lat' dir='ltr'>habita</span> <span class='ocrx_word' id='word_1_138' title='bbox 779 1738 979 1798; x_wconf 76' lang='lat' dir='ltr'>deliberatione</span> <span class='ocrx_word' id='word_1_139' title='bbox 1002 1737 1084 1795; x_wconf 86' lang='lat' dir='ltr'>hanc·</span> 
     </span>
    </p>
   </div>
   <div class='ocr_carea' id='block_1_3' title="bbox 792 1953 1385 2101">
    <p class='ocr_par' dir='ltr' id='par_1_5' title="bbox 792 1953 1385 2101">
     <span class='ocr_line' id='line_1_14' title="bbox 792 1953 1385 2101; baseline 0.008 -8"><span class='ocrx_word' id='word_1_140' title='bbox 792 1953 796 1960; x_wconf 78' lang='grc'><strong>’</strong></span> <span class='ocrx_word' id='word_1_141' title='bbox 842 2004 1022 2094; x_wconf 80' lang='lat' dir='ltr'>arnan</span> <span class='ocrx_word' id='word_1_142' title='bbox 1057 2002 1385 2101; x_wconf 77' lang='lat' dir='ltr'>suesanus,</span> 
     </span>
    </p>
   </div>
   <div class='ocr_carea' id='block_1_4' title="bbox 277 2282 1990 3484">
    <p class='ocr_par' dir='ltr' id='par_1_6' title="bbox 540 2282 1922 2378">
     <span class='ocr_line' id='line_1_15' title="bbox 540 2282 1922 2378; baseline 0.004 -23"><span class='ocrx_word' id='word_1_143' title='bbox 540 2297 655 2356; x_wconf 73' lang='lat' dir='ltr'><strong>CAPUT</strong></span> <span class='ocrx_word' id='word_1_144' title='bbox 673 2296 820 2356; x_wconf 80' lang='lat' dir='ltr'>PRlllllll.</span> <span class='ocrx_word' id='word_1_145' title='bbox 1092 2282 1201 2358; x_wconf 67' lang='lat' dir='ltr'>libens</span> <span class='ocrx_word' id='word_1_146' title='bbox 1215 2303 1323 2373; x_wconf 87' lang='lat' dir='ltr'>debeat,</span> <span class='ocrx_word' id='word_1_147' title='bbox 1342 2304 1419 2377; x_wconf 82' lang='lat' dir='ltr'>cujus</span> <span class='ocrx_word' id='word_1_148' title='bbox 1440 2316 1506 2363; x_wconf 93' lang='lat' dir='ltr'>nutu</span> <span class='ocrx_word' id='word_1_149' title='bbox 1527 2320 1633 2377; x_wconf 81' lang='lat' dir='ltr'>nosque</span> <span class='ocrx_word' id='word_1_150' title='bbox 1649 2304 1802 2378; x_wconf 83' lang='lat' dir='ltr'>&#39;omniaque</span> <span class='ocrx_word' id='word_1_151' title='bbox 1819 2306 1922 2377; x_wconf 91' lang='lat' dir='ltr'>pariter</span> 
     </span>
    </p>

    <p class='ocr_par' dir='ltr' id='par_1_7' title="bbox 277 2391 1990 3484">
     <span class='ocr_line' id='line_1_16' title="bbox 314 2391 1921 2471; baseline 0.002 -18"><span class='ocrx_word' id='word_1_152' title='bbox 314 2397 403 2469; x_wconf 86' lang='lat' dir='ltr'>lgitnr</span> <span class='ocrx_word' id='word_1_153' title='bbox 423 2394 524 2456; x_wconf 87' lang='lat' dir='ltr'>tradita</span> <span class='ocrx_word' id='word_1_154' title='bbox 555 2396 633 2466; x_wconf 76' lang='lat' dir='ltr'>virgo</span> <span class='ocrx_word' id='word_1_155' title='bbox 659 2391 842 2449; x_wconf 86' lang='lat' dir='ltr'>earnillcibus</span> <span class='ocrx_word' id='word_1_156' title='bbox 870 2392 1025 2449; x_wconf 83' lang='lat' dir='ltr'>aleatoris</span> <span class='ocrx_word' id='word_1_157' title='bbox 1049 2391 1077 2448; x_wconf 88' lang='lat' dir='ltr'>in</span> <span class='ocrx_word' id='word_1_158' title='bbox 1129 2397 1800 2471; x_wconf 81' lang='lat' dir='ltr'>regunturelerrtentalquaslibetcrgoperlerarn</span> <span class='ocrx_word' id='word_1_159' title='bbox 1814 2414 1921 2467; x_wconf 83' lang='lat' dir='ltr'>cruces,</span> 
     </span>
     <span class='ocr_line' id='line_1_17' title="bbox 278 2486 1922 2564; baseline -0.001 -17"><span class='ocrx_word' id='word_1_160' title='bbox 278 2493 372 2548; x_wconf 83' lang='lat' dir='ltr'>metio</span> <span class='ocrx_word' id='word_1_161' title='bbox 396 2489 545 2559; x_wconf 70' lang='lat' dir='ltr'>exponitur</span> <span class='ocrx_word' id='word_1_162' title='bbox 574 2487 715 2559; x_wconf 89' lang='lat' dir='ltr'>lnporurn.</span> <span class='ocrx_word' id='word_1_163' title='bbox 743 2486 887 2555; x_wconf 76' lang='lat' dir='ltr'>Trahitur,</span> <span class='ocrx_word' id='word_1_164' title='bbox 915 2486 1088 2557; x_wconf 72' lang='lat' dir='ltr'>injuriatur,</span> <span class='ocrx_word' id='word_1_165' title='bbox 1128 2488 1229 2558; x_wconf 85' lang='lat' dir='ltr'>quibus</span> <span class='ocrx_word' id='word_1_166' title='bbox 1247 2487 1367 2557; x_wconf 86' lang='lat' dir='ltr'>alliciar,</span> <span class='ocrx_word' id='word_1_167' title='bbox 1385 2492 1579 2562; x_wconf 86' lang='lat' dir='ltr'>suppliciorum</span> <span class='ocrx_word' id='word_1_168' title='bbox 1595 2489 1814 2549; x_wconf 83' lang='lat' dir='ltr'>acerbitatibus:</span> <span class='ocrx_word' id='word_1_169' title='bbox 1830 2506 1922 2564; x_wconf 79' lang='lat' dir='ltr'>aqua·</span> 
     </span>
     <span class='ocr_line' id='line_1_18' title="bbox 277 2576 1922 2656; baseline 0.001 -18"><span class='ocrx_word' id='word_1_170' title='bbox 277 2584 366 2654; x_wconf 75' lang='lat' dir='ltr'>ludici</span> <span class='ocrx_word' id='word_1_171' title='bbox 394 2582 512 2639; x_wconf 85' lang='lat' dir='ltr'>sistitur.</span> <span class='ocrx_word' id='word_1_172' title='bbox 540 2579 607 2647; x_wconf 82' lang='lat' dir='ltr'>Quae</span> <span class='ocrx_word' id='word_1_173' title='bbox 634 2578 752 2650; x_wconf 83' lang='lat' dir='ltr'>quiden·</span> <span class='ocrx_word' id='word_1_174' title='bbox 775 2577 873 2635; x_wconf 91' lang='lat' dir='ltr'>oculos</span> <span class='ocrx_word' id='word_1_175' title='bbox 901 2578 1017 2650; x_wconf 75' lang='lat' dir='ltr'>babebat</span> <span class='ocrx_word' id='word_1_176' title='bbox 1050 2576 1078 2633; x_wconf 92' lang='lat' dir='ltr'>ln</span> <span class='ocrx_word' id='word_1_177' title='bbox 1130 2578 1242 2635; x_wconf 82' lang='lat' dir='ltr'>niunitcr</span> <span class='ocrx_word' id='word_1_178' title='bbox 1268 2582 1359 2638; x_wconf 89' lang='lat' dir='ltr'>onnria</span> <span class='ocrx_word' id='word_1_179' title='bbox 1391 2583 1515 2639; x_wconf 85' lang='lat' dir='ltr'>sustineo</span> <span class='ocrx_word' id='word_1_180' title='bbox 1538 2598 1587 2656; x_wconf 89' lang='lat' dir='ltr'>pro</span> <span class='ocrx_word' id='word_1_181' title='bbox 1617 2597 1712 2639; x_wconf 86' lang='lat' dir='ltr'>anrorr</span> <span class='ocrx_word' id='word_1_182' title='bbox 1730 2581 1795 2639; x_wconf 79' lang='lat' dir='ltr'>lesu</span> <span class='ocrx_word' id='word_1_183' title='bbox 1820 2582 1922 2640; x_wconf 81' lang='lat' dir='ltr'>Christi</span> 
     </span>
     <span class='ocr_line' id='line_1_19' title="bbox 278 2668 1923 2747; baseline 0.001 -17"><span class='ocrx_word' id='word_1_184' title='bbox 278 2676 413 2747; x_wconf 82' lang='lat' dir='ltr'>judicem,</span> <span class='ocrx_word' id='word_1_185' title='bbox 436 2674 485 2729; x_wconf 90' lang='lat' dir='ltr'>sed</span> <span class='ocrx_word' id='word_1_186' title='bbox 501 2681 595 2729; x_wconf 87' lang='lat' dir='ltr'>utente</span> <span class='ocrx_word' id='word_1_187' title='bbox 613 2670 640 2728; x_wconf 86' lang='lat' dir='ltr'>iu</span> <span class='ocrx_word' id='word_1_188' title='bbox 654 2668 727 2726; x_wconf 82' lang='lat' dir='ltr'>coelo</span> <span class='ocrx_word' id='word_1_189' title='bbox 748 2669 802 2726; x_wconf 86' lang='lat' dir='ltr'>llxa</span> <span class='ocrx_word' id='word_1_190' title='bbox 815 2668 929 2725; x_wconf 82' lang='lat' dir='ltr'>cbristo</span> <span class='ocrx_word' id='word_1_191' title='bbox 949 2684 979 2725; x_wconf 88' lang='lat' dir='ltr'>sc</span> <span class='ocrx_word' id='word_1_192' title='bbox 999 2683 1079 2724; x_wconf 88' lang='lat' dir='ltr'>corn·</span> <span class='ocrx_word' id='word_1_193' title='bbox 1130 2670 1249 2739; x_wconf 76' lang='lat' dir='ltr'>bonini,</span> <span class='ocrx_word' id='word_1_194' title='bbox 1264 2675 1353 2745; x_wconf 87' lang='lat' dir='ltr'>quiet</span> <span class='ocrx_word' id='word_1_195' title='bbox 1368 2676 1413 2731; x_wconf 89' lang='lat' dir='ltr'>bie</span> <span class='ocrx_word' id='word_1_196' title='bbox 1428 2676 1570 2746; x_wconf 73' lang='lat' dir='ltr'>praestabit</span> <span class='ocrx_word' id='word_1_197' title='bbox 1593 2675 1725 2731; x_wconf 80' lang='lat' dir='ltr'>auxilians</span> <span class='ocrx_word' id='word_1_198' title='bbox 1740 2685 1769 2731; x_wconf 91' lang='lat' dir='ltr'>et</span> <span class='ocrx_word' id='word_1_199' title='bbox 1786 2676 1813 2731; x_wconf 93' lang='lat' dir='ltr'>in</span> <span class='ocrx_word' id='word_1_200' title='bbox 1824 2671 1923 2731; x_wconf 83' lang='lat' dir='ltr'>&#39;tuturo</span> 
     </span>
     <span class='ocr_line' id='line_1_20' title="bbox 281 2759 1924 2835; baseline -0.004 -9"><span class='ocrx_word' id='word_1_201' title='bbox 281 2767 450 2831; x_wconf 86' lang='lat' dir='ltr'>tuendabat,</span> <span class='ocrx_word' id='word_1_202' title='bbox 468 2764 610 2821; x_wconf 77' lang='lat' dir='ltr'>cbristnut</span> <span class='ocrx_word' id='word_1_203' title='bbox 625 2761 802 2833; x_wconf 71' lang='lat' dir='ltr'>precabatur.</span> <span class='ocrx_word' id='word_1_204' title='bbox 825 2759 952 2817; x_wconf 84' lang='lat' dir='ltr'>Clantare</span> <span class='ocrx_word' id='word_1_205' title='bbox 974 2761 1079 2816; x_wconf 85' lang='lat' dir='ltr'>interea</span> <span class='ocrx_word' id='word_1_206' title='bbox 1131 2763 1225 2820; x_wconf 91' lang='lat' dir='ltr'>reddet</span> <span class='ocrx_word' id='word_1_207' title='bbox 1239 2767 1390 2835; x_wconf 75' lang='lat' dir='ltr'>prosiliunt.</span> <span class='ocrx_word' id='word_1_208' title='bbox 1403 2766 1443 2823; x_wconf 85' lang='lat' dir='ltr'>Ne</span> <span class='ocrx_word' id='word_1_209' title='bbox 1456 2768 1530 2821; x_wconf 89' lang='lat' dir='ltr'>enirn</span> <span class='ocrx_word' id='word_1_210' title='bbox 1544 2766 1647 2835; x_wconf 78' lang='lat' dir='ltr'>quavis</span> <span class='ocrx_word' id='word_1_211' title='bbox 1663 2765 1788 2835; x_wconf 84' lang='lat' dir='ltr'>angustia</span> <span class='ocrx_word' id='word_1_212' title='bbox 1803 2765 1849 2821; x_wconf 84' lang='lat' dir='ltr'>rel</span> <span class='ocrx_word' id='word_1_213' title='bbox 1857 2780 1924 2835; x_wconf 87' lang='lat' dir='ltr'>per·</span> 
     </span>
     <span class='ocr_line' id='line_1_21' title="bbox 281 2850 1924 2933; baseline -0.007 -8"><span class='ocrx_word' id='word_1_214' title='bbox 281 2862 410 2933; x_wconf 61' lang='lat' dir='ltr'>botulus»</span> <span class='ocrx_word' id='word_1_215' title='bbox 436 2857 586 2914; x_wconf 73' lang='lat' dir='ltr'>lollondatn</span> <span class='ocrx_word' id='word_1_216' title='bbox 612 2853 769 2926; x_wconf 74' lang='lat' dir='ltr'>huiusmodi</span> <span class='ocrx_word' id='word_1_217' title='bbox 796 2853 830 2908; x_wconf 87' lang='lat' dir='ltr'>de</span> <span class='ocrx_word' id='word_1_218' title='bbox 857 2861 930 2908; x_wconf 89' lang='lat' dir='ltr'>terra</span> <span class='ocrx_word' id='word_1_219' title='bbox 959 2850 1079 2919; x_wconf 75' lang='lat' dir='ltr'>debuere.</span> <span class='ocrx_word' id='word_1_220' title='bbox 1131 2858 1246 2923; x_wconf 56' lang='lat' dir='ltr'>acatio,</span> <span class='ocrx_word' id='word_1_221' title='bbox 1271 2859 1357 2912; x_wconf 82' lang='lat' dir='ltr'>lantes</span> <span class='ocrx_word' id='word_1_222' title='bbox 1380 2853 1422 2913; x_wconf 76' lang='lat' dir='ltr'>&#39;uel</span> <span class='ocrx_word' id='word_1_223' title='bbox 1448 2856 1568 2923; x_wconf 90' lang='lat' dir='ltr'>nuditas,</span> <span class='ocrx_word' id='word_1_224' title='bbox 1591 2857 1698 2927; x_wconf 84' lang='lat' dir='ltr'>gladius</span> <span class='ocrx_word' id='word_1_225' title='bbox 1713 2857 1924 2929; x_wconf 86' lang='lat' dir='ltr'>autpericulrnn</span> 
     </span>
     <span class='ocr_line' id='line_1_22' title="bbox 283 2941 1924 3019; baseline -0.004 -10"><span class='ocrx_word' id='word_1_226' title='bbox 283 2954 362 3010; x_wconf 76' lang='lat' dir='ltr'>suris</span> <span class='ocrx_word' id='word_1_227' title='bbox 379 2951 461 3008; x_wconf 85' lang='lat' dir='ltr'>talcar</span> <span class='ocrx_word' id='word_1_228' title='bbox 472 2949 563 3019; x_wconf 87' lang='lat' dir='ltr'>perire</span> <span class='ocrx_word' id='word_1_229' title='bbox 577 2945 725 3002; x_wconf 87' lang='lat' dir='ltr'>incendiis.</span> <span class='ocrx_word' id='word_1_230' title='bbox 742 2945 782 3000; x_wconf 79' lang='lat' dir='ltr'>dc</span> <span class='ocrx_word' id='word_1_231' title='bbox 797 2944 875 3015; x_wconf 83' lang='lat' dir='ltr'>uirgo</span> <span class='ocrx_word' id='word_1_232' title='bbox 894 2941 1024 2999; x_wconf 89' lang='lat' dir='ltr'>manebat</span> <span class='ocrx_word' id='word_1_233' title='bbox 1039 2942 1081 2998; x_wconf 93' lang='lat' dir='ltr'>in·</span> <span class='ocrx_word' id='word_1_234' title='bbox 1132 2945 1240 3016; x_wconf 88' lang='lat' dir='ltr'>aliquod</span> <span class='ocrx_word' id='word_1_235' title='bbox 1255 2947 1313 3001; x_wconf 84' lang='lat' dir='ltr'>siue</span> <span class='ocrx_word' id='word_1_236' title='bbox 1326 2947 1464 3003; x_wconf 90' lang='lat' dir='ltr'>tribulatio</span> <span class='ocrx_word' id='word_1_237' title='bbox 1479 2962 1529 3004; x_wconf 90' lang='lat' dir='ltr'>nos</span> <span class='ocrx_word' id='word_1_238' title='bbox 1540 2948 1641 3018; x_wconf 81' lang='lat' dir='ltr'>abejus</span> <span class='ocrx_word' id='word_1_239' title='bbox 1653 2956 1763 3016; x_wconf 87' lang='lat' dir='ltr'>separet</span> <span class='ocrx_word' id='word_1_240' title='bbox 1777 2947 1924 3015; x_wconf 84' lang='lat' dir='ltr'>charitate,</span> 
     </span>
     <span class='ocr_line' id='line_1_23' title="bbox 283 3034 1925 3117; baseline -0.002 -18"><span class='ocrx_word' id='word_1_241' title='bbox 283 3045 409 3117; x_wconf 78' lang='lat' dir='ltr'>trepida,</span> <span class='ocrx_word' id='word_1_242' title='bbox 438 3043 549 3114; x_wconf 88' lang='lat' dir='ltr'>quando</span> <span class='ocrx_word' id='word_1_243' title='bbox 574 3038 698 3111; x_wconf 87' lang='lat' dir='ltr'>perlecta</span> <span class='ocrx_word' id='word_1_244' title='bbox 725 3037 752 3093; x_wconf 91' lang='lat' dir='ltr'>in</span> <span class='ocrx_word' id='word_1_245' title='bbox 782 3036 923 3092; x_wconf 86' lang='lat' dir='ltr'>Christum</span> <span class='ocrx_word' id='word_1_246' title='bbox 954 3034 1078 3090; x_wconf 80' lang='lat' dir='ltr'>charitas</span> <span class='ocrx_word' id='word_1_247' title='bbox 1132 3052 1182 3109; x_wconf 80' lang='lat' dir='ltr'>prr</span> <span class='ocrx_word' id='word_1_248' title='bbox 1196 3037 1354 3109; x_wconf 71' lang='lat' dir='ltr'>Apostolunt</span> <span class='ocrx_word' id='word_1_249' title='bbox 1372 3050 1496 3094; x_wconf 84' lang='lat' dir='ltr'>sarrctunt</span> <span class='ocrx_word' id='word_1_250' title='bbox 1517 3039 1690 3109; x_wconf 75' lang='lat' dir='ltr'>prnsurprtuit,</span> <span class='ocrx_word' id='word_1_251' title='bbox 1707 3047 1736 3094; x_wconf 91' lang='lat' dir='ltr'>ut</span> <span class='ocrx_word' id='word_1_252' title='bbox 1750 3054 1810 3108; x_wconf 78' lang='lat' dir='ltr'>qua</span> <span class='ocrx_word' id='word_1_253' title='bbox 1823 3042 1925 3109; x_wconf 84' lang='lat' dir='ltr'>prorni-</span> 
     </span>
     <span class='ocr_line' id='line_1_24' title="bbox 282 3124 1949 3200; baseline -0.002 -8"><span class='ocrx_word' id='word_1_254' title='bbox 282 3151 394 3193; x_wconf 88' lang='lat' dir='ltr'>ornnent</span> <span class='ocrx_word' id='word_1_255' title='bbox 408 3135 446 3189; x_wconf 88' lang='lat' dir='ltr'>ab</span> <span class='ocrx_word' id='word_1_256' title='bbox 458 3149 489 3188; x_wconf 88' lang='lat' dir='ltr'>ea</span> <span class='ocrx_word' id='word_1_257' title='bbox 503 3130 709 3187; x_wconf 74' lang='lat' dir='ltr'>[praemisisset</span> <span class='ocrx_word' id='word_1_258' title='bbox 726 3128 862 3184; x_wconf 84' lang='lat' dir='ltr'>tintorcnr.</span> <span class='ocrx_word' id='word_1_259' title='bbox 875 3126 982 3196; x_wconf 82' lang='lat' dir='ltr'>ltaque,</span> <span class='ocrx_word' id='word_1_260' title='bbox 994 3124 1082 3180; x_wconf 88' lang='lat' dir='ltr'>oculis</span> <span class='ocrx_word' id='word_1_261' title='bbox 1132 3130 1186 3195; x_wconf 90' lang='lat' dir='ltr'>sit,</span> <span class='ocrx_word' id='word_1_262' title='bbox 1212 3129 1324 3200; x_wconf 87' lang='lat' dir='ltr'>adipisci</span> <span class='ocrx_word' id='word_1_263' title='bbox 1347 3129 1478 3200; x_wconf 86' lang='lat' dir='ltr'>palmaria</span> <span class='ocrx_word' id='word_1_264' title='bbox 1503 3145 1666 3186; x_wconf 86' lang='lat' dir='ltr'>rnereatnur.</span> <span class='ocrx_word' id='word_1_265' title='bbox 1689 3129 1758 3186; x_wconf 90' lang='lat' dir='ltr'>llinc</span> <span class='ocrx_word' id='word_1_266' title='bbox 1774 3132 1858 3186; x_wconf 82' lang='lat' dir='ltr'>robur</span> <span class='ocrx_word' id='word_1_267' title='bbox 1882 3140 1925 3188; x_wconf 84' lang='lat' dir='ltr'>cst</span> <span class='ocrx_word' id='word_1_268' title='bbox 1947 3183 1949 3188; x_wconf 91' lang='lat'>.</span> 
     </span>
     <span class='ocr_line' id='line_1_25' title="bbox 283 3216 1926 3289; baseline -0.005 -5"><span class='ocrx_word' id='word_1_269' title='bbox 283 3230 318 3284; x_wconf 89' lang='lat' dir='ltr'>ad</span> <span class='ocrx_word' id='word_1_270' title='bbox 340 3227 442 3285; x_wconf 82' lang='lat' dir='ltr'>coelunt</span> <span class='ocrx_word' id='word_1_271' title='bbox 465 3224 591 3289; x_wconf 81' lang='lat' dir='ltr'>eleuatis,</span> <span class='ocrx_word' id='word_1_272' title='bbox 610 3220 711 3278; x_wconf 82' lang='lat' dir='ltr'>Christi</span> <span class='ocrx_word' id='word_1_273' title='bbox 736 3233 835 3275; x_wconf 88' lang='lat' dir='ltr'>nontcn</span> <span class='ocrx_word' id='word_1_274' title='bbox 850 3216 1082 3289; x_wconf 74' lang='lat' dir='ltr'>constantinsin·</span> <span class='ocrx_word' id='word_1_275' title='bbox 1133 3220 1199 3275; x_wconf 92' lang='lat' dir='ltr'>illud</span> <span class='ocrx_word' id='word_1_276' title='bbox 1212 3221 1354 3287; x_wconf 88' lang='lat' dir='ltr'>inrictunt,</span> <span class='ocrx_word' id='word_1_277' title='bbox 1369 3222 1433 3278; x_wconf 91' lang='lat' dir='ltr'>binc</span> <span class='ocrx_word' id='word_1_278' title='bbox 1447 3221 1644 3277; x_wconf 76' lang='lat' dir='ltr'>inextricabilia</span> <span class='ocrx_word' id='word_1_279' title='bbox 1657 3221 1777 3287; x_wconf 85' lang='lat' dir='ltr'>aninnrs,</span> <span class='ocrx_word' id='word_1_280' title='bbox 1796 3229 1823 3277; x_wconf 88' lang='lat' dir='ltr'>ct</span> <span class='ocrx_word' id='word_1_281' title='bbox 1847 3222 1926 3278; x_wconf 84' lang='lat' dir='ltr'>dolo·</span> 
     </span>
     <span class='ocr_line' id='line_1_26' title="bbox 282 3308 1990 3389; baseline -0.002 -13"><span class='ocrx_word' id='word_1_282' title='bbox 282 3320 413 3376; x_wconf 81' lang='lat' dir='ltr'>uocabst.</span> <span class='ocrx_word' id='word_1_283' title='bbox 429 3317 519 3389; x_wconf 84' lang='lat' dir='ltr'>Super</span> <span class='ocrx_word' id='word_1_284' title='bbox 542 3329 597 3385; x_wconf 81' lang='lat' dir='ltr'>qna</span> <span class='ocrx_word' id='word_1_285' title='bbox 617 3326 719 3383; x_wconf 69' lang='lat' dir='ltr'>pruses</span> <span class='ocrx_word' id='word_1_286' title='bbox 741 3308 896 3381; x_wconf 89' lang='lat' dir='ltr'>obstupuit,</span> <span class='ocrx_word' id='word_1_287' title='bbox 912 3323 945 3363; x_wconf 64' lang='grc' dir='ltr'>ιθ</span> <span class='ocrx_word' id='word_1_288' title='bbox 969 3322 1020 3379; x_wconf 58' lang='lat' dir='ltr'>ber</span> <span class='ocrx_word' id='word_1_289' title='bbox 1044 3308 1083 3363; x_wconf 66' lang='lat'>5¹¹·</span> <span class='ocrx_word' id='word_1_290' title='bbox 1134 3331 1193 3371; x_wconf 89' lang='lat' dir='ltr'>rum</span> <span class='ocrx_word' id='word_1_291' title='bbox 1212 3316 1363 3372; x_wconf 80' lang='lat' dir='ltr'>acerbitate</span> <span class='ocrx_word' id='word_1_292' title='bbox 1383 3331 1461 3372; x_wconf 86' lang='lat' dir='ltr'>meus</span> <span class='ocrx_word' id='word_1_293' title='bbox 1480 3318 1537 3385; x_wconf 86' lang='lat' dir='ltr'>ipsa</span> <span class='ocrx_word' id='word_1_294' title='bbox 1556 3315 1708 3382; x_wconf 87' lang='lat' dir='ltr'>snbtinrior,</span> <span class='ocrx_word' id='word_1_295' title='bbox 1724 3321 1797 3387; x_wconf 84' lang='lat' dir='ltr'>qnod</span> <span class='ocrx_word' id='word_1_296' title='bbox 1816 3329 1843 3371; x_wconf 89' lang='lat' dir='ltr'>et</span> <span class='ocrx_word' id='word_1_297' title='bbox 1856 3332 1926 3387; x_wconf 69' lang='lat' dir='ltr'>pre·</span> <span class='ocrx_word' id='word_1_298' title='bbox 1987 3313 1990 3318; x_wconf 52' lang='lat'><strong>⁴</strong></span> 
     </span>
     <span class='ocr_line' id='line_1_27' title="bbox 284 3399 1927 3484; baseline -0.011 -15"><span class='ocrx_word' id='word_1_299' title='bbox 284 3420 393 3484; x_wconf 85' lang='lat' dir='ltr'>tegrara</span> <span class='ocrx_word' id='word_1_300' title='bbox 406 3410 463 3467; x_wconf 86' lang='lat' dir='ltr'>iere</span> <span class='ocrx_word' id='word_1_301' title='bbox 474 3411 573 3466; x_wconf 88' lang='lat' dir='ltr'>horatu</span> <span class='ocrx_word' id='word_1_302' title='bbox 589 3404 720 3464; x_wconf 86' lang='lat' dir='ltr'>miraculo</span> <span class='ocrx_word' id='word_1_303' title='bbox 729 3400 920 3475; x_wconf 86' lang='lat' dir='ltr'>spectantibus</span> <span class='ocrx_word' id='word_1_304' title='bbox 932 3399 984 3455; x_wconf 87' lang='lat' dir='ltr'>luit</span> <span class='ocrx_word' id='word_1_305' title='bbox 999 3407 1077 3455; x_wconf 89' lang='lat' dir='ltr'>tanta</span> <span class='ocrx_word' id='word_1_306' title='bbox 1125 3408 1206 3465; x_wconf 63' lang='lat' dir='ltr'>‚diora</span> <span class='ocrx_word' id='word_1_307' title='bbox 1226 3416 1290 3464; x_wconf 66' lang='lat' dir='ltr'>sum</span> <span class='ocrx_word' id='word_1_308' title='bbox 1304 3407 1383 3464; x_wconf 60' lang='lat' dir='ltr'>„opto</span> <span class='ocrx_word' id='word_1_309' title='bbox 1395 3423 1438 3473; x_wconf 57' lang='grc' dir='ltr'>ω,</span> <span class='ocrx_word' id='word_1_310' title='bbox 1462 3423 1524 3479; x_wconf 71' lang='lat' dir='ltr'>quae</span> <span class='ocrx_word' id='word_1_311' title='bbox 1545 3409 1677 3478; x_wconf 60' lang='lat' dir='ltr'>paramur,</span> <span class='ocrx_word' id='word_1_312' title='bbox 1692 3417 1721 3464; x_wconf 64' lang='lat'>21</span> <span class='ocrx_word' id='word_1_313' title='bbox 1741 3408 1844 3480; x_wconf 62' lang='lat' dir='ltr'>majo„</span> <span class='ocrx_word' id='word_1_314' title='bbox 1860 3418 1927 3468; x_wconf 63' lang='lat' dir='ltr'>,ung</span> 
     </span>
    </p>
   </div>
   <div class='ocr_carea' id='block_1_5' title="bbox 285 3499 2013 3757">
    <p class='ocr_par' dir='ltr' id='par_1_8' title="bbox 285 3499 2013 3757">
     <span class='ocr_line' id='line_1_28' title="bbox 285 3499 1926 3579; baseline 0.001 -22"><span class='ocrx_word' id='word_1_315' title='bbox 285 3503 383 3576; x_wconf 70' lang='lat' dir='ltr'>puelle</span> <span class='ocrx_word' id='word_1_316' title='bbox 398 3500 563 3559; x_wconf 72' lang='lat' dir='ltr'>wtrstantia.</span> <span class='ocrx_word' id='word_1_317' title='bbox 784 3566 791 3579; x_wconf 44' lang='lat'>,</span> <span class='ocrx_word' id='word_1_318' title='bbox 1133 3500 1244 3570; x_wconf 73' lang='lat' dir='ltr'>praetia</span> <span class='ocrx_word' id='word_1_319' title='bbox 1257 3514 1339 3572; x_wconf 85' lang='lat' dir='ltr'>quant</span> <span class='ocrx_word' id='word_1_320' title='bbox 1354 3499 1472 3557; x_wconf 89' lang='lat' dir='ltr'>dolores.</span> <span class='ocrx_word' id='word_1_321' title='bbox 1496 3501 1563 3555; x_wconf 82' lang='lat' dir='ltr'>ttnrn</span> <span class='ocrx_word' id='word_1_322' title='bbox 1583 3501 1649 3557; x_wconf 87' lang='lat' dir='ltr'>ntntt</span> <span class='ocrx_word' id='word_1_323' title='bbox 1663 3501 1755 3571; x_wconf 80' lang='lat' dir='ltr'>itaque</span> <span class='ocrx_word' id='word_1_324' title='bbox 1769 3502 1806 3557; x_wconf 91' lang='lat' dir='ltr'>sit</span> <span class='ocrx_word' id='word_1_325' title='bbox 1822 3501 1893 3572; x_wconf 89' lang='lat' dir='ltr'>qnod</span> <span class='ocrx_word' id='word_1_326' title='bbox 1909 3515 1926 3558; x_wconf 85' lang='lat' dir='ltr'>a</span> 
     </span>
     <span class='ocr_line' id='line_1_29' title="bbox 321 3560 2013 3677; baseline 0.002 -28"><span class='ocrx_word' id='word_1_327' title='bbox 321 3574 482 3677; x_wconf 37' lang='lat' dir='ltr'>&#39;sumu-‘lu‘</span> <span class='ocrx_word' id='word_1_328' title='bbox 496 3578 652 3638; x_wconf 53' lang='lat' dir='ltr'><em>mamm·</em></span> <span class='ocrx_word' id='word_1_329' title='bbox 671 3572 943 3671; x_wconf 62' lang='lat' dir='ltr'>lf²³⁰⁸¹⁰²f¹f⁰⁸³²·</span> <span class='ocrx_word' id='word_1_330' title='bbox 958 3560 1082 3664; x_wconf 41' lang='lat' dir='ltr'>“⁰⁵⁰9ss</span> <span class='ocrx_word' id='word_1_331' title='bbox 1133 3593 1244 3650; x_wconf 88' lang='lat' dir='ltr'>Christo</span> <span class='ocrx_word' id='word_1_332' title='bbox 1267 3577 1394 3663; x_wconf 81' lang='lat' dir='ltr'>separare</span> <span class='ocrx_word' id='word_1_333' title='bbox 1417 3608 1468 3650; x_wconf 91' lang='lat' dir='ltr'>nos</span> <span class='ocrx_word' id='word_1_334' title='bbox 1482 3594 1594 3661; x_wconf 88' lang='lat' dir='ltr'>debeat,</span> <span class='ocrx_word' id='word_1_335' title='bbox 1614 3602 1700 3650; x_wconf 90' lang='lat' dir='ltr'>testor</span> <span class='ocrx_word' id='word_1_336' title='bbox 1726 3593 1821 3660; x_wconf 87' lang='lat' dir='ltr'>illurn,</span> <span class='ocrx_word' id='word_1_337' title='bbox 1845 3609 1926 3665; x_wconf 86' lang='lat' dir='ltr'>quent</span> <span class='ocrx_word' id='word_1_338' title='bbox 2008 3594 2013 3602; x_wconf 81' lang='grc'><strong>“</strong></span> 
     </span>
     <span class='ocr_line' id='line_1_30' title="bbox 285 3649 1927 3757; baseline 0.002 -18"><span class='ocrx_word' id='word_1_339' title='bbox 285 3666 327 3722; x_wconf 62' lang='grc' dir='ltr'>ὤῑ</span> <span class='ocrx_word' id='word_1_340' title='bbox 350 3663 458 3720; x_wconf 53' lang='grc' dir='ltr'>,13ῐηῖ</span> <span class='ocrx_word' id='word_1_341' title='bbox 477 3679 488 3714; x_wconf 74' lang='lat'>¹</span> <span class='ocrx_word' id='word_1_342' title='bbox 502 3659 559 3717; x_wconf 63' lang='lat'>0¹¹³</span> <span class='ocrx_word' id='word_1_343' title='bbox 575 3660 610 3717; x_wconf 54' lang='grc' dir='ltr'>αθ</span> <span class='ocrx_word' id='word_1_344' title='bbox 627 3672 739 3715; x_wconf 72' lang='lat'>¹¹⁰⁰¹¹¹¹⁰</span> <span class='ocrx_word' id='word_1_345' title='bbox 756 3649 1081 3727; x_wconf 64' lang='lat'>&#39;0‘1¹¹&#39;¹&#39;¹⁸·‘¹⁰¹⁰⁸⁰⁰¹¹¹¹¹</span> <span class='ocrx_word' id='word_1_346' title='bbox 1133 3685 1228 3756; x_wconf 85' lang='lat' dir='ltr'>diligo,</span> <span class='ocrx_word' id='word_1_347' title='bbox 1243 3701 1326 3756; x_wconf 79' lang='lat' dir='ltr'>qurern</span> <span class='ocrx_word' id='word_1_348' title='bbox 1341 3686 1477 3753; x_wconf 87' lang='lat' dir='ltr'>desidero,</span> <span class='ocrx_word' id='word_1_349' title='bbox 1488 3675 1522 3741; x_wconf 77' lang='lat' dir='ltr'>ad</span> <span class='ocrx_word' id='word_1_350' title='bbox 1535 3701 1615 3757; x_wconf 83' lang='lat' dir='ltr'>qtrern</span> <span class='ocrx_word' id='word_1_351' title='bbox 1628 3685 1746 3756; x_wconf 83' lang='lat' dir='ltr'>suspiro,</span> <span class='ocrx_word' id='word_1_352' title='bbox 1767 3700 1812 3742; x_wconf 86' lang='lat' dir='ltr'>nte</span> <span class='ocrx_word' id='word_1_353' title='bbox 1827 3687 1853 3741; x_wconf 92' lang='lat' dir='ltr'>in</span> <span class='ocrx_word' id='word_1_354' title='bbox 1865 3687 1927 3755; x_wconf 69' lang='lat' dir='ltr'>eius</span> 
     </span>
    </p>
   </div>
   <div class='ocr_carea' id='block_1_6' title="bbox 286 3744 2043 3847">
    <p class='ocr_par' dir='ltr' id='par_1_9' title="bbox 286 3744 2043 3847">
     <span class='ocr_line' id='line_1_31' title="bbox 286 3744 2043 3847; baseline -0.012 4"><span class='ocrx_word' id='word_1_355' title='bbox 286 3754 442 3816; x_wconf 51' lang='lat' dir='ltr'>dimum</span> <span class='ocrx_word' id='word_1_356' title='bbox 459 3769 521 3812; x_wconf 69' lang='lat'>⁰⁸⁸⁰</span> <span class='ocrx_word' id='word_1_357' title='bbox 537 3749 734 3826; x_wconf 53' lang='lat' dir='ltr'><strong>mummi</strong></span> <span class='ocrx_word' id='word_1_358' title='bbox 754 3744 1012 3814; x_wconf 57' lang='lat' dir='ltr'>d⁰b⁰¹¹³¹i⁰’q&#39;¹³</span> <span class='ocrx_word' id='word_1_359' title='bbox 1030 3755 1081 3797; x_wconf 56' lang='lat'>&#39;⁰‘</span> <span class='ocrx_word' id='word_1_360' title='bbox 1133 3777 1292 3833; x_wconf 85' lang='lat' dir='ltr'>duraturam</span> <span class='ocrx_word' id='word_1_361' title='bbox 1310 3766 1492 3844; x_wconf 80' lang='lat' dir='ltr'>consessione,</span> <span class='ocrx_word' id='word_1_362' title='bbox 1510 3783 1538 3833; x_wconf 92' lang='lat' dir='ltr'>et</span> <span class='ocrx_word' id='word_1_363' title='bbox 1557 3776 1638 3831; x_wconf 86' lang='lat' dir='ltr'>nralle</span> <span class='ocrx_word' id='word_1_364' title='bbox 1657 3778 1724 3832; x_wconf 77' lang='lat' dir='ltr'>nturi</span> <span class='ocrx_word' id='word_1_365' title='bbox 1744 3792 1825 3847; x_wconf 76' lang='lat' dir='ltr'>quarn</span> <span class='ocrx_word' id='word_1_366' title='bbox 1842 3777 1927 3834; x_wconf 86' lang='lat' dir='ltr'>uinci.</span> <span class='ocrx_word' id='word_1_367' title='bbox 2041 3791 2043 3796; x_wconf 76' lang='grc'><strong>’</strong></span> 
     </span>
    </p>
   </div>
   <div class='ocr_carea' id='block_1_7' title="bbox 286 3833 1612 4926">
    <p class='ocr_par' dir='ltr' id='par_1_10' title="bbox 286 3833 1351 4032">
     <span class='ocr_line' id='line_1_32' title="bbox 286 3833 1351 3924; baseline -0.023 -21"><span class='ocrx_word' id='word_1_368' title='bbox 286 3847 413 3904; x_wconf 84' lang='lat' dir='ltr'>raturad</span> <span class='ocrx_word' id='word_1_369' title='bbox 435 3844 550 3901; x_wconf 74' lang='lat' dir='ltr'>crinein.</span> <span class='ocrx_word' id='word_1_370' title='bbox 572 3840 667 3912; x_wconf 81' lang='lat' dir='ltr'>Neque</span> <span class='ocrx_word' id='word_1_371' title='bbox 680 3838 754 3896; x_wconf 84' lang='lat' dir='ltr'>cniut</span> <span class='ocrx_word' id='word_1_372' title='bbox 771 3846 868 3891; x_wconf 88' lang='lat' dir='ltr'>natura</span> <span class='ocrx_word' id='word_1_373' title='bbox 890 3833 956 3889; x_wconf 85' lang='lat' dir='ltr'>rnilri</span> <span class='ocrx_word' id='word_1_374' title='bbox 981 3845 1081 3888; x_wconf 84' lang='lat' dir='ltr'>nornen</span> <span class='ocrx_word' id='word_1_375' title='bbox 1133 3866 1254 3924; x_wconf 85' lang='lat' dir='ltr'>Terrena</span> <span class='ocrx_word' id='word_1_376' title='bbox 1278 3869 1351 3924; x_wconf 50' lang='lat' dir='ltr'><strong>enim</strong></span> 
     </span>
     <span class='ocr_line' id='line_1_33' title="bbox 287 3925 1246 4032; baseline -0.022 -35"><span class='ocrx_word' id='word_1_377' title='bbox 287 3939 389 4014; x_wconf 89' lang='lat' dir='ltr'>posuit,</span> <span class='ocrx_word' id='word_1_378' title='bbox 402 3937 450 3994; x_wconf 87' lang='lat' dir='ltr'>sed</span> <span class='ocrx_word' id='word_1_379' title='bbox 468 3935 569 3993; x_wconf 90' lang='lat' dir='ltr'>cultus.</span> <span class='ocrx_word' id='word_1_380' title='bbox 581 3934 684 3990; x_wconf 82' lang='lat' dir='ltr'>Secura</span> <span class='ocrx_word' id='word_1_381' title='bbox 702 3931 795 3998; x_wconf 80' lang='lat' dir='ltr'>itaque</span> <span class='ocrx_word' id='word_1_382' title='bbox 812 3925 1014 3998; x_wconf 68' lang='lat' dir='ltr'>interrogationi</span> <span class='ocrx_word' id='word_1_383' title='bbox 1030 3933 1083 3980; x_wconf 75' lang='lat' dir='ltr'>tuae</span> <span class='ocrx_word' id='word_1_384' title='bbox 1132 3960 1209 4032; x_wconf 54' lang='lat' dir='ltr'>sequi</span> <span class='ocrx_word' id='word_1_385' title='bbox 1236 3978 1246 4015; x_wconf 55' lang='lat'>‚</span> 
     </span>
    </p>

    <p class='ocr_par' dir='ltr' id='par_1_11' title="bbox 287 4003 1612 4926">
     <span class='ocr_line' id='line_1_34' title="bbox 287 4003 1601 4110; baseline -0.024 -19"><span class='ocrx_word' id='word_1_386' title='bbox 287 4045 353 4091; x_wconf 83' lang='lat' dir='ltr'>aate</span> <span class='ocrx_word' id='word_1_387' title='bbox 381 4028 550 4100; x_wconf 89' lang='lat' dir='ltr'>respondeo,</span> <span class='ocrx_word' id='word_1_388' title='bbox 582 4040 625 4083; x_wconf 86' lang='lat' dir='ltr'>rue</span> <span class='ocrx_word' id='word_1_389' title='bbox 649 4023 832 4081; x_wconf 81' lang='lat' dir='ltr'>Christianam</span> <span class='ocrx_word' id='word_1_390' title='bbox 859 4033 931 4075; x_wconf 87' lang='lat' dir='ltr'>csse.</span> <span class='ocrx_word' id='word_1_391' title='bbox 952 4017 1083 4074; x_wconf 75' lang='lat' dir='ltr'>»Preces</span> <span class='ocrx_word' id='word_1_392' title='bbox 1212 4003 1220 4038; x_wconf 72' lang='lat'><em>²</em></span> <span class='ocrx_word' id='word_1_393' title='bbox 1445 4051 1562 4110; x_wconf 57' lang='lat' dir='ltr'>CAPUT</span> <span class='ocrx_word' id='word_1_394' title='bbox 1579 4052 1601 4109; x_wconf 67' lang='lat' dir='ltr'>n</span> 
     </span>
     <span class='ocr_line' id='line_1_35' title="bbox 288 4092 1612 4193; baseline -0.019 -16"><span class='ocrx_word' id='word_1_395' title='bbox 288 4122 392 4193; x_wconf 78' lang='lat' dir='ltr'>igitur:</span> <span class='ocrx_word' id='word_1_396' title='bbox 411 4137 422 4172; x_wconf 84' lang='grc' dir='ltr'>ι</span> <span class='ocrx_word' id='word_1_397' title='bbox 442 4117 574 4175; x_wconf 86' lang='lat' dir='ltr'>bontnrn</span> <span class='ocrx_word' id='word_1_398' title='bbox 596 4123 622 4172; x_wconf 90' lang='lat' dir='ltr'>te</span> <span class='ocrx_word' id='word_1_399' title='bbox 637 4125 701 4172; x_wconf 90' lang='lat' dir='ltr'>tuus</span> <span class='ocrx_word' id='word_1_400' title='bbox 725 4112 772 4168; x_wconf 88' lang='lat' dir='ltr'>bie</span> <span class='ocrx_word' id='word_1_401' title='bbox 797 4109 938 4181; x_wconf 87' lang='lat' dir='ltr'>operitur,</span> <span class='ocrx_word' id='word_1_402' title='bbox 962 4108 1009 4178; x_wconf 80' lang='lat' dir='ltr'>uui</span> <span class='ocrx_word' id='word_1_403' title='bbox 1035 4115 1084 4163; x_wconf 89' lang='lat' dir='ltr'>aut</span> <span class='ocrx_word' id='word_1_404' title='bbox 1604 4092 1612 4107; x_wconf 92' lang='lat'>&#39;</span> 
     </span>
     <span class='ocr_line' id='line_1_36' title="bbox 288 4196 1083 4285; baseline -0.021 -15"><span class='ocrx_word' id='word_1_405' title='bbox 288 4211 432 4285; x_wconf 76' lang='lat' dir='ltr'>praestan</span> <span class='ocrx_word' id='word_1_406' title='bbox 456 4207 580 4266; x_wconf 78' lang='lat' dir='ltr'>coalent</span> <span class='ocrx_word' id='word_1_407' title='bbox 596 4201 781 4276; x_wconf 78' lang='lat' dir='ltr'>resipiscenti,</span> <span class='ocrx_word' id='word_1_408' title='bbox 804 4208 852 4255; x_wconf 90' lang='lat' dir='ltr'>aut</span> <span class='ocrx_word' id='word_1_409' title='bbox 865 4196 1026 4269; x_wconf 83' lang='lat' dir='ltr'>supplicium</span> <span class='ocrx_word' id='word_1_410' title='bbox 1041 4196 1083 4253; x_wconf 90' lang='lat' dir='ltr'>iu-</span> 
     </span>
     <span class='ocr_line' id='line_1_37' title="bbox 289 4282 1085 4371; baseline -0.021 -14"><span class='ocrx_word' id='word_1_411' title='bbox 289 4304 363 4359; x_wconf 82' lang='lat' dir='ltr'>lcrat</span> <span class='ocrx_word' id='word_1_412' title='bbox 377 4297 553 4371; x_wconf 69' lang='lat' dir='ltr'>repugnanti.</span> <span class='ocrx_word' id='word_1_413' title='bbox 576 4295 653 4365; x_wconf 85' lang='lat' dir='ltr'>Rlige</span> <span class='ocrx_word' id='word_1_414' title='bbox 670 4290 736 4364; x_wconf 83' lang='lat' dir='ltr'>qrrid</span> <span class='ocrx_word' id='word_1_415' title='bbox 756 4287 916 4361; x_wconf 60' lang='lat' dir='ltr'>annarias</span> <span class='ocrx_word' id='word_1_416' title='bbox 935 4282 1085 4357; x_wconf 88' lang='lat' dir='ltr'>llospoudit</span> 
     </span>
     <span class='ocr_line' id='line_1_38' title="bbox 289 4380 1084 4461; baseline -0.025 -9"><span class='ocrx_word' id='word_1_417' title='bbox 289 4396 376 4452; x_wconf 78' lang='lat' dir='ltr'>ttarta</span> <span class='ocrx_word' id='word_1_418' title='bbox 394 4412 403 4450; x_wconf 74' lang='grc' dir='ltr'>ι</span> <span class='ocrx_word' id='word_1_419' title='bbox 423 4388 564 4461; x_wconf 75' lang='lat' dir='ltr'>‹Corpori</span> <span class='ocrx_word' id='word_1_420' title='bbox 576 4388 687 4460; x_wconf 80' lang='lat' dir='ltr'>quidese</span> <span class='ocrx_word' id='word_1_421' title='bbox 706 4397 770 4442; x_wconf 90' lang='lat' dir='ltr'>uteo</span> <span class='ocrx_word' id='word_1_422' title='bbox 783 4381 829 4438; x_wconf 92' lang='lat' dir='ltr'>ille</span> <span class='ocrx_word' id='word_1_423' title='bbox 850 4380 1007 4437; x_wconf 86' lang='lat' dir='ltr'>dorninatur</span> <span class='ocrx_word' id='word_1_424' title='bbox 1028 4391 1084 4433; x_wconf 91' lang='lat' dir='ltr'>uun</span> 
     </span>
     <span class='ocr_line' id='line_1_39' title="bbox 288 4470 1083 4547; baseline -0.026 0"><span class='ocrx_word' id='word_1_425' title='bbox 288 4490 400 4547; x_wconf 74' lang='lat' dir='ltr'>aniusae.</span> <span class='ocrx_word' id='word_1_426' title='bbox 421 4505 431 4540; x_wconf 82' lang='lat' dir='ltr'>s</span> <span class='ocrx_word' id='word_1_427' title='bbox 451 4482 560 4542; x_wconf 82' lang='lat' dir='ltr'>Rraeses</span> <span class='ocrx_word' id='word_1_428' title='bbox 579 4482 677 4541; x_wconf 73' lang='lat' dir='ltr'>disits</span> <span class='ocrx_word' id='word_1_429' title='bbox 697 4477 780 4535; x_wconf 77' lang='lat' dir='ltr'>«Gur</span> <span class='ocrx_word' id='word_1_430' title='bbox 800 4470 1083 4547; x_wconf 83' lang='lat' dir='ltr'>religionerndounini,</span> 
     </span>
     <span class='ocr_line' id='line_1_40' title="bbox 289 4563 1083 4643; baseline -0.021 -7"><span class='ocrx_word' id='word_1_431' title='bbox 289 4578 391 4636; x_wconf 80' lang='lat' dir='ltr'>ancilla</span> <span class='ocrx_word' id='word_1_432' title='bbox 410 4593 473 4635; x_wconf 89' lang='lat' dir='ltr'>eunt</span> <span class='ocrx_word' id='word_1_433' title='bbox 486 4576 536 4643; x_wconf 88' lang='lat' dir='ltr'>sis,</span> <span class='ocrx_word' id='word_1_434' title='bbox 555 4588 609 4630; x_wconf 89' lang='lat' dir='ltr'>non</span> <span class='ocrx_word' id='word_1_435' title='bbox 622 4568 769 4642; x_wconf 76' lang='lat' dir='ltr'>seqrurisl</span> <span class='ocrx_word' id='word_1_436' title='bbox 785 4587 795 4622; x_wconf 83' lang='lat' dir='ltr'>s</span> <span class='ocrx_word' id='word_1_437' title='bbox 813 4565 964 4636; x_wconf 78' lang='lat' dir='ltr'>Respondit</span> <span class='ocrx_word' id='word_1_438' title='bbox 978 4563 1083 4619; x_wconf 80' lang='lat' dir='ltr'>llario:</span> 
     </span>
     <span class='ocr_line' id='line_1_41' title="bbox 292 4653 1085 4740; baseline -0.024 -11"><span class='ocrx_word' id='word_1_439' title='bbox 292 4670 455 4740; x_wconf 75' lang='lat' dir='ltr'>«Quoniam</span> <span class='ocrx_word' id='word_1_440' title='bbox 477 4669 513 4724; x_wconf 88' lang='lat' dir='ltr'>ab</span> <span class='ocrx_word' id='word_1_441' title='bbox 535 4665 650 4723; x_wconf 77' lang='lat' dir='ltr'>infantia</span> <span class='ocrx_word' id='word_1_442' title='bbox 670 4662 780 4719; x_wconf 79' lang='lat' dir='ltr'>cbristo</span> <span class='ocrx_word' id='word_1_443' title='bbox 806 4659 897 4715; x_wconf 87' lang='lat' dir='ltr'>dicata</span> <span class='ocrx_word' id='word_1_444' title='bbox 921 4671 994 4721; x_wconf 89' lang='lat' dir='ltr'>sunt,</span> <span class='ocrx_word' id='word_1_445' title='bbox 1007 4666 1036 4714; x_wconf 90' lang='lat' dir='ltr'>et</span> <span class='ocrx_word' id='word_1_446' title='bbox 1049 4653 1085 4710; x_wconf 87' lang='lat' dir='ltr'>ab</span> 
     </span>
     <span class='ocr_line' id='line_1_42' title="bbox 290 4744 1085 4836; baseline -0.029 -15"><span class='ocrx_word' id='word_1_447' title='bbox 290 4767 354 4836; x_wconf 84' lang='lat' dir='ltr'>ipso</span> <span class='ocrx_word' id='word_1_448' title='bbox 378 4761 518 4818; x_wconf 78' lang='lat' dir='ltr'>intellectu</span> <span class='ocrx_word' id='word_1_449' title='bbox 539 4764 568 4814; x_wconf 90' lang='lat' dir='ltr'>et</span> <span class='ocrx_word' id='word_1_450' title='bbox 590 4754 696 4811; x_wconf 89' lang='lat' dir='ltr'>ratione</span> <span class='ocrx_word' id='word_1_451' title='bbox 710 4753 822 4816; x_wconf 87' lang='lat' dir='ltr'>dortata,</span> <span class='ocrx_word' id='word_1_452' title='bbox 847 4744 993 4807; x_wconf 89' lang='lat' dir='ltr'>sirnnlaera</span> <span class='ocrx_word' id='word_1_453' title='bbox 1017 4758 1085 4799; x_wconf 89' lang='lat' dir='ltr'>rana</span> 
     </span>
     <span class='ocr_line' id='line_1_43' title="bbox 290 4835 1086 4926; baseline -0.028 -15"><span class='ocrx_word' id='word_1_454' title='bbox 290 4866 376 4926; x_wconf 83' lang='lat' dir='ltr'>atque</span> <span class='ocrx_word' id='word_1_455' title='bbox 390 4853 527 4908; x_wconf 83' lang='lat' dir='ltr'>insensata</span> <span class='ocrx_word' id='word_1_456' title='bbox 544 4860 654 4917; x_wconf 85' lang='lat' dir='ltr'>respuo,</span> <span class='ocrx_word' id='word_1_457' title='bbox 668 4842 771 4900; x_wconf 88' lang='lat' dir='ltr'>culturn</span> <span class='ocrx_word' id='word_1_458' title='bbox 786 4841 811 4897; x_wconf 88' lang='lat' dir='ltr'>ei</span> <span class='ocrx_word' id='word_1_459' title='bbox 824 4848 930 4895; x_wconf 88' lang='lat' dir='ltr'>tanturn</span> <span class='ocrx_word' id='word_1_460' title='bbox 942 4835 1086 4899; x_wconf 79' lang='lat' dir='ltr'>exhibent,</span> 
     </span>
    </p>
   </div>
   <div class='ocr_carea' id='block_1_8' title="bbox 290 4923 1125 5035">
    <p class='ocr_par' dir='ltr' id='par_1_12' title="bbox 290 4923 1125 5035">
     <span class='ocr_line' id='line_1_44' title="bbox 290 4923 1125 5035; baseline -0.032 -32"><span class='ocrx_word' id='word_1_461' title='bbox 290 4949 338 5018; x_wconf 77' lang='lat' dir='ltr'>qui</span> <span class='ocrx_word' id='word_1_462' title='bbox 361 4944 428 5001; x_wconf 88' lang='lat' dir='ltr'>lecit</span> <span class='ocrx_word' id='word_1_463' title='bbox 443 4944 546 5007; x_wconf 79' lang='lat' dir='ltr'>sunnis,</span> <span class='ocrx_word' id='word_1_464' title='bbox 559 4956 613 4997; x_wconf 90' lang='lat' dir='ltr'>non</span> <span class='ocrx_word' id='word_1_465' title='bbox 634 4939 685 5005; x_wconf 90' lang='lat' dir='ltr'>cis,</span> <span class='ocrx_word' id='word_1_466' title='bbox 712 4934 759 5007; x_wconf 81' lang='lat' dir='ltr'>qui</span> <span class='ocrx_word' id='word_1_467' title='bbox 782 4932 819 4989; x_wconf 87' lang='lat' dir='ltr'>ab</span> <span class='ocrx_word' id='word_1_468' title='bbox 842 4926 998 4987; x_wconf 85' lang='lat' dir='ltr'>horninibus</span> <span class='ocrx_word' id='word_1_469' title='bbox 1019 4923 1125 5035; x_wconf 61' lang='lat' dir='ltr'>tactio</span> 
     </span>
    </p>
   </div>
   <div class='ocr_carea' id='block_1_9' title="bbox 290 5040 488 5112">
    <p class='ocr_par' dir='ltr' id='par_1_13' title="bbox 290 5040 488 5112">
     <span class='ocr_line' id='line_1_45' title="bbox 290 5040 488 5112; baseline -0.02 -18"><span class='ocrx_word' id='word_1_470' title='bbox 290 5040 452 5112; x_wconf 58' lang='lat' dir='ltr'>moror.</span> <span class='ocrx_word' id='word_1_471' title='bbox 476 5053 488 5090; x_wconf 70' lang='lat' dir='ltr'>s</span> 
     </span>
    </p>
   </div>
   <div class='ocr_carea' id='block_1_10' title="bbox 291 5087 1927 5291">
    <p class='ocr_par' dir='ltr' id='par_1_14' title="bbox 291 5087 1927 5291">
     <span class='ocr_line' id='line_1_46' title="bbox 326 5087 1818 5189; baseline -0.042 -4"><span class='ocrx_word' id='word_1_472' title='bbox 326 5128 434 5184; x_wconf 72' lang='lat' dir='ltr'>Pressa</span> <span class='ocrx_word' id='word_1_473' title='bbox 456 5122 587 5180; x_wconf 75' lang='lat' dir='ltr'>dixisse</span> <span class='ocrx_word' id='word_1_474' title='bbox 613 5118 654 5176; x_wconf 83' lang='lat' dir='ltr'>Ex</span> <span class='ocrx_word' id='word_1_475' title='bbox 675 5130 730 5189; x_wconf 85' lang='lat' dir='ltr'>qua</span> <span class='ocrx_word' id='word_1_476' title='bbox 757 5094 931 5180; x_wconf 86' lang='lat' dir='ltr'>successione</span> <span class='ocrx_word' id='word_1_477' title='bbox 956 5109 1086 5165; x_wconf 74' lang='lat' dir='ltr'>lineato</span> <span class='ocrx_word' id='word_1_478' title='bbox 1140 5087 1256 5148; x_wconf 62' lang='lat' dir='ltr'>insibil-</span> <span class='ocrx_word' id='word_1_479' title='bbox 1661 5110 1668 5122; x_wconf 88' lang='lat'><strong>·</strong></span> <span class='ocrx_word' id='word_1_480' title='bbox 1813 5112 1818 5123; x_wconf 89' lang='lat'>.</span> 
     </span>
     <span class='ocr_line' id='line_1_47' title="bbox 291 5153 1927 5291; baseline -0.045 -12"><span class='ocrx_word' id='word_1_481' title='bbox 291 5222 403 5278; x_wconf 75' lang='lat' dir='ltr'>sanitas</span> <span class='ocrx_word' id='word_1_482' title='bbox 423 5215 564 5291; x_wconf 75' lang='lat' dir='ltr'>peruenit?</span> <span class='ocrx_word' id='word_1_483' title='bbox 581 5208 760 5281; x_wconf 75' lang='lat' dir='ltr'>»Respondit</span> <span class='ocrx_word' id='word_1_484' title='bbox 782 5204 867 5261; x_wconf 69' lang='lat' dir='ltr'>llario</span> <span class='ocrx_word' id='word_1_485' title='bbox 886 5217 893 5257; x_wconf 71' lang='grc' dir='ltr'>ι</span> <span class='ocrx_word' id='word_1_486' title='bbox 914 5220 924 5255; x_wconf 74' lang='lat' dir='ltr'>r</span> <span class='ocrx_word' id='word_1_487' title='bbox 947 5200 987 5257; x_wconf 70' lang='lat' dir='ltr'>fix</span> <span class='ocrx_word' id='word_1_488' title='bbox 1001 5199 1087 5269; x_wconf 61' lang='lat' dir='ltr'>tuggo.</span> <span class='ocrx_word' id='word_1_489' title='bbox 1175 5181 1292 5236; x_wconf 85' lang='lat' dir='ltr'>Rursum</span> <span class='ocrx_word' id='word_1_490' title='bbox 1309 5171 1422 5247; x_wconf 84' lang='lat' dir='ltr'>populus</span> <span class='ocrx_word' id='word_1_491' title='bbox 1440 5167 1467 5227; x_wconf 89' lang='lat' dir='ltr'>ln</span> <span class='ocrx_word' id='word_1_492' title='bbox 1488 5166 1633 5221; x_wconf 84' lang='lat' dir='ltr'>clarnorern</span> <span class='ocrx_word' id='word_1_493' title='bbox 1651 5161 1787 5215; x_wconf 81' lang='lat' dir='ltr'>excitatns</span> <span class='ocrx_word' id='word_1_494' title='bbox 1806 5153 1927 5226; x_wconf 74' lang='lat' dir='ltr'>indit-ern</span> 
     </span>
    </p>
   </div>
   <div class='ocr_carea' id='block_1_11' title="bbox 291 5244 1931 6112">
    <p class='ocr_par' dir='ltr' id='par_1_15' title="bbox 291 5244 1931 6112">
     <span class='ocr_line' id='line_1_48' title="bbox 291 5244 1931 5372; baseline -0.048 1"><span class='ocrx_word' id='word_1_495' title='bbox 291 5312 530 5372; x_wconf 83' lang='lat' dir='ltr'>ribusiuiorutata</span> <span class='ocrx_word' id='word_1_496' title='bbox 546 5307 586 5364; x_wconf 90' lang='lat' dir='ltr'>sic</span> <span class='ocrx_word' id='word_1_497' title='bbox 612 5313 703 5361; x_wconf 84' lang='lat' dir='ltr'>testeo.</span> <span class='ocrx_word' id='word_1_498' title='bbox 726 5291 794 5355; x_wconf 77' lang='lat' dir='ltr'>usn</span> <span class='ocrx_word' id='word_1_499' title='bbox 817 5295 938 5367; x_wconf 87' lang='lat' dir='ltr'>religiosi</span> <span class='ocrx_word' id='word_1_500' title='bbox 958 5301 1087 5365; x_wconf 75' lang='lat' dir='ltr'>parentes</span> <span class='ocrx_word' id='word_1_501' title='bbox 1139 5274 1269 5348; x_wconf 79' lang='lat' dir='ltr'>arguebat</span> <span class='ocrx_word' id='word_1_502' title='bbox 1292 5267 1423 5332; x_wconf 61' lang='lat' dir='ltr'>saritiaa</span> <span class='ocrx_word' id='word_1_503' title='bbox 1447 5257 1605 5361; x_wconf 77' lang='lat' dir='ltr'>uociferatio</span> <span class='ocrx_word' id='word_1_504' title='bbox 1628 5263 1748 5354; x_wconf 75' lang='lat' dir='ltr'>traxitque</span> <span class='ocrx_word' id='word_1_505' title='bbox 1765 5244 1931 5350; x_wconf 64' lang='lat' dir='ltr'>anatolius</span> 
     </span>
     <span class='ocr_line' id='line_1_49' title="bbox 292 5337 1929 5476; baseline -0.044 -12"><span class='ocrx_word' id='word_1_506' title='bbox 292 5405 436 5476; x_wconf 83' lang='lat' dir='ltr'>religiosos</span> <span class='ocrx_word' id='word_1_507' title='bbox 456 5414 539 5473; x_wconf 84' lang='lat' dir='ltr'>quant</span> <span class='ocrx_word' id='word_1_508' title='bbox 564 5396 670 5453; x_wconf 77' lang='lat' dir='ltr'>diriter</span> <span class='ocrx_word' id='word_1_509' title='bbox 688 5392 789 5448; x_wconf 90' lang='lat' dir='ltr'>babere</span> <span class='ocrx_word' id='word_1_510' title='bbox 809 5387 879 5445; x_wconf 89' lang='lat' dir='ltr'>lilios</span> <span class='ocrx_word' id='word_1_511' title='bbox 908 5391 1048 5456; x_wconf 86' lang='lat' dir='ltr'>exoptant.</span> <span class='ocrx_word' id='word_1_512' title='bbox 1071 5400 1082 5438; x_wconf 86' lang='lat' dir='ltr'>s</span> <span class='ocrx_word' id='word_1_513' title='bbox 1138 5377 1198 5429; x_wconf 89' lang='lat' dir='ltr'>erat</span> <span class='ocrx_word' id='word_1_514' title='bbox 1219 5377 1338 5426; x_wconf 79' lang='lat' dir='ltr'>corona,</span> <span class='ocrx_word' id='word_1_515' title='bbox 1357 5354 1470 5414; x_wconf 81' lang='lat' dir='ltr'>lacenuri</span> <span class='ocrx_word' id='word_1_516' title='bbox 1488 5350 1621 5419; x_wconf 84' lang='lat' dir='ltr'>uirgtnern</span> <span class='ocrx_word' id='word_1_517' title='bbox 1644 5340 1807 5448; x_wconf 78' lang='lat' dir='ltr'>crudelitate</span> <span class='ocrx_word' id='word_1_518' title='bbox 1825 5337 1929 5447; x_wconf 62' lang='lat' dir='ltr'>pudicis</span> 
     </span>
     <span class='ocr_line' id='line_1_50' title="bbox 291 5438 1930 5558; baseline -0.045 1"><span class='ocrx_word' id='word_1_519' title='bbox 291 5495 400 5558; x_wconf 72' lang='lat' dir='ltr'>Pr&#39;ases</span> <span class='ocrx_word' id='word_1_520' title='bbox 424 5494 543 5552; x_wconf 74' lang='lat' dir='ltr'>diuites</span> <span class='ocrx_word' id='word_1_521' title='bbox 569 5489 699 5545; x_wconf 82' lang='lat' dir='ltr'>Parentes</span> <span class='ocrx_word' id='word_1_522' title='bbox 720 5483 803 5538; x_wconf 88' lang='lat' dir='ltr'>etiant</span> <span class='ocrx_word' id='word_1_523' title='bbox 831 5478 870 5535; x_wconf 87' lang='lat' dir='ltr'>tui</span> <span class='ocrx_word' id='word_1_524' title='bbox 900 5476 980 5545; x_wconf 76' lang='lat' dir='ltr'>liujus</span> <span class='ocrx_word' id='word_1_525' title='bbox 1009 5474 1087 5532; x_wconf 86' lang='lat' dir='ltr'>luere</span> <span class='ocrx_word' id='word_1_526' title='bbox 1138 5480 1191 5520; x_wconf 93' lang='lat' dir='ltr'>non</span> <span class='ocrx_word' id='word_1_527' title='bbox 1213 5458 1317 5516; x_wconf 93' lang='lat' dir='ltr'>ultione</span> <span class='ocrx_word' id='word_1_528' title='bbox 1333 5449 1438 5525; x_wconf 86' lang='lat' dir='ltr'>pcccati</span> <span class='ocrx_word' id='word_1_529' title='bbox 1461 5449 1580 5501; x_wconf 82' lang='lat' dir='ltr'>:centra</span> <span class='ocrx_word' id='word_1_530' title='bbox 1604 5438 1736 5510; x_wconf 86' lang='lat' dir='ltr'>lcgcsagt</span> <span class='ocrx_word' id='word_1_531' title='bbox 1759 5444 1930 5500; x_wconf 63' lang='lat' dir='ltr'>nonnanes</span> 
     </span>
     <span class='ocr_line' id='line_1_51' title="bbox 292 5524 1929 5657; baseline -0.044 -4"><span class='ocrx_word' id='word_1_532' title='bbox 292 5590 420 5652; x_wconf 67' lang='lat' dir='ltr'>maaet»</span> <span class='ocrx_word' id='word_1_533' title='bbox 435 5582 584 5657; x_wconf 86' lang='lat' dir='ltr'>Respondit</span> <span class='ocrx_word' id='word_1_534' title='bbox 594 5578 678 5636; x_wconf 88' lang='lat' dir='ltr'>llaria</span> <span class='ocrx_word' id='word_1_535' title='bbox 694 5591 702 5631; x_wconf 78' lang='grc' dir='ltr'>ι</span> <span class='ocrx_word' id='word_1_536' title='bbox 718 5594 728 5629; x_wconf 90' lang='grc' dir='ltr'>ι</span> <span class='ocrx_word' id='word_1_537' title='bbox 744 5573 859 5643; x_wconf 87' lang='lat' dir='ltr'>Setnper</span> <span class='ocrx_word' id='word_1_538' title='bbox 873 5569 900 5624; x_wconf 89' lang='lat' dir='ltr'>in</span> <span class='ocrx_word' id='word_1_539' title='bbox 913 5570 964 5624; x_wconf 87' lang='lat' dir='ltr'>trac</span> <span class='ocrx_word' id='word_1_540' title='bbox 979 5578 1088 5622; x_wconf 57' lang='lat' dir='ltr'>nnana·</span> <span class='ocrx_word' id='word_1_541' title='bbox 1137 5552 1274 5628; x_wconf 79' lang='lat' dir='ltr'>aeqrritatis</span> <span class='ocrx_word' id='word_1_542' title='bbox 1285 5550 1346 5620; x_wconf 86' lang='lat' dir='ltr'>jnra</span> <span class='ocrx_word' id='word_1_543' title='bbox 1361 5540 1476 5601; x_wconf 83' lang='lat' dir='ltr'>serrari.</span> <span class='ocrx_word' id='word_1_544' title='bbox 1491 5536 1609 5606; x_wconf 76' lang='lat' dir='ltr'>stupeat</span> <span class='ocrx_word' id='word_1_545' title='bbox 1624 5532 1738 5605; x_wconf 84' lang='lat' dir='ltr'>prolude</span> <span class='ocrx_word' id='word_1_546' title='bbox 1752 5543 1864 5603; x_wconf 74' lang='lat' dir='ltr'>praeses,</span> <span class='ocrx_word' id='word_1_547' title='bbox 1879 5524 1929 5580; x_wconf 87' lang='lat' dir='ltr'>ad·</span> 
     </span>
     <span class='ocr_line' id='line_1_52' title="bbox 293 5620 1928 5742; baseline -0.045 -2"><span class='ocrx_word' id='word_1_548' title='bbox 293 5690 360 5739; x_wconf 88' lang='lat' dir='ltr'>runt</span> <span class='ocrx_word' id='word_1_549' title='bbox 370 5677 557 5737; x_wconf 82' lang='lat' dir='ltr'>sacratissima</span> <span class='ocrx_word' id='word_1_550' title='bbox 574 5669 717 5742; x_wconf 88' lang='lat' dir='ltr'>religione.</span> <span class='ocrx_word' id='word_1_551' title='bbox 733 5683 743 5718; x_wconf 82' lang='lat' dir='ltr'>s</span> <span class='ocrx_word' id='word_1_552' title='bbox 759 5663 865 5719; x_wconf 74' lang='lat' dir='ltr'>Prusae</span> <span class='ocrx_word' id='word_1_553' title='bbox 883 5658 975 5715; x_wconf 88' lang='lat' dir='ltr'>dixit:</span> <span class='ocrx_word' id='word_1_554' title='bbox 991 5675 1001 5709; x_wconf 82' lang='grc' dir='ltr'>ι</span> <span class='ocrx_word' id='word_1_555' title='bbox 1015 5656 1087 5712; x_wconf 79' lang='lat' dir='ltr'>hate</span> <span class='ocrx_word' id='word_1_556' title='bbox 1137 5647 1281 5712; x_wconf 80' lang='lat' dir='ltr'>dictusque</span> <span class='ocrx_word' id='word_1_557' title='bbox 1291 5627 1576 5700; x_wconf 81' lang='lat' dir='ltr'>clamoribus,puippe</span> <span class='ocrx_word' id='word_1_558' title='bbox 1586 5624 1632 5697; x_wconf 87' lang='lat' dir='ltr'>qni</span> <span class='ocrx_word' id='word_1_559' title='bbox 1643 5620 1928 5724; x_wconf 77' lang='lat' dir='ltr'>ptaetunrntrnrocunt</span> 
     </span>
     <span class='ocr_line' id='line_1_53' title="bbox 294 5713 1928 5831; baseline -0.045 2"><span class='ocrx_word' id='word_1_560' title='bbox 294 5771 523 5831; x_wconf 70' lang='lat' dir='ltr'>numanum</span> <span class='ocrx_word' id='word_1_561' title='bbox 542 5764 625 5820; x_wconf 84' lang='lat' dir='ltr'>istaut</span> <span class='ocrx_word' id='word_1_562' title='bbox 643 5754 804 5828; x_wconf 72' lang='lat' dir='ltr'>suscepistis</span> <span class='ocrx_word' id='word_1_563' title='bbox 823 5748 1002 5823; x_wconf 74' lang='lat' dir='ltr'>religionem?</span> <span class='ocrx_word' id='word_1_564' title='bbox 1019 5746 1085 5818; x_wconf 89' lang='lat' dir='ltr'>quin</span> <span class='ocrx_word' id='word_1_565' title='bbox 1137 5739 1195 5813; x_wconf 88' lang='lat' dir='ltr'>ipsa</span> <span class='ocrx_word' id='word_1_566' title='bbox 1220 5733 1301 5791; x_wconf 87' lang='lat' dir='ltr'>ctiam</span> <span class='ocrx_word' id='word_1_567' title='bbox 1322 5730 1432 5799; x_wconf 88' lang='lat' dir='ltr'>putaret</span> <span class='ocrx_word' id='word_1_568' title='bbox 1457 5729 1529 5779; x_wconf 88' lang='lat' dir='ltr'>tecta</span> <span class='ocrx_word' id='word_1_569' title='bbox 1552 5731 1644 5782; x_wconf 84' lang='lat' dir='ltr'>ruere,</span> <span class='ocrx_word' id='word_1_570' title='bbox 1659 5713 1776 5772; x_wconf 74' lang='lat' dir='ltr'>relaxari</span> <span class='ocrx_word' id='word_1_571' title='bbox 1795 5718 1928 5776; x_wconf 86' lang='lat' dir='ltr'>rrrgrneut</span> 
     </span>
     <span class='ocr_line' id='line_1_54' title="bbox 292 5798 1928 5923; baseline -0.043 -1"><span class='ocrx_word' id='word_1_572' title='bbox 292 5866 351 5923; x_wconf 80' lang='lat' dir='ltr'>ino</span> <span class='ocrx_word' id='word_1_573' title='bbox 375 5857 513 5923; x_wconf 70' lang='lat' dir='ltr'>ncridca,</span> <span class='ocrx_word' id='word_1_574' title='bbox 541 5861 571 5910; x_wconf 89' lang='lat' dir='ltr'>ut</span> <span class='ocrx_word' id='word_1_575' title='bbox 588 5859 618 5910; x_wconf 89' lang='lat' dir='ltr'>ct</span> <span class='ocrx_word' id='word_1_576' title='bbox 645 5855 673 5906; x_wconf 88' lang='lat' dir='ltr'>te</span> <span class='ocrx_word' id='word_1_577' title='bbox 694 5853 725 5903; x_wconf 88' lang='lat' dir='ltr'>et</span> <span class='ocrx_word' id='word_1_578' title='bbox 748 5842 890 5901; x_wconf 83' lang='lat' dir='ltr'>deminuat</span> <span class='ocrx_word' id='word_1_579' title='bbox 913 5850 989 5896; x_wconf 89' lang='lat' dir='ltr'>tuurn</span> <span class='ocrx_word' id='word_1_580' title='bbox 1004 5837 1084 5907; x_wconf 90' lang='lat' dir='ltr'>culpa</span> <span class='ocrx_word' id='word_1_581' title='bbox 1138 5826 1275 5907; x_wconf 79' lang='lat' dir='ltr'>pracepit.</span> <span class='ocrx_word' id='word_1_582' title='bbox 1300 5819 1379 5878; x_wconf 87' lang='lat' dir='ltr'>Unde</span> <span class='ocrx_word' id='word_1_583' title='bbox 1399 5833 1460 5874; x_wconf 87' lang='lat' dir='ltr'>curn</span> <span class='ocrx_word' id='word_1_584' title='bbox 1484 5811 1585 5888; x_wconf 90' lang='lat' dir='ltr'>populo</span> <span class='ocrx_word' id='word_1_585' title='bbox 1603 5806 1770 5867; x_wconf 79' lang='lat' dir='ltr'>satisfactum</span> <span class='ocrx_word' id='word_1_586' title='bbox 1793 5798 1928 5901; x_wconf 74' lang='lat' dir='ltr'>crederet,</span> 
     </span>
     <span class='ocr_line' id='line_1_55' title="bbox 294 5894 1930 6022; baseline -0.045 -5"><span class='ocrx_word' id='word_1_587' title='bbox 294 5971 390 6016; x_wconf 78' lang='lat' dir='ltr'>cauas.</span> <span class='ocrx_word' id='word_1_588' title='bbox 408 5946 585 6022; x_wconf 73' lang='lat' dir='ltr'>»Respondit</span> <span class='ocrx_word' id='word_1_589' title='bbox 595 5942 703 6002; x_wconf 82' lang='lat' dir='ltr'>ilaris:</span> <span class='ocrx_word' id='word_1_590' title='bbox 719 5954 730 5991; x_wconf 88' lang='lat' dir='ltr'>t</span> <span class='ocrx_word' id='word_1_591' title='bbox 747 5936 814 6006; x_wconf 73' lang='lat' dir='ltr'>ona</span> <span class='ocrx_word' id='word_1_592' title='bbox 829 5936 903 5992; x_wconf 86' lang='lat' dir='ltr'>eninr</span> <span class='ocrx_word' id='word_1_593' title='bbox 919 5931 1086 6005; x_wconf 83' lang='lat' dir='ltr'>conparatio</span> <span class='ocrx_word' id='word_1_594' title='bbox 1136 5927 1193 6000; x_wconf 74' lang='lat' dir='ltr'>iant</span> <span class='ocrx_word' id='word_1_595' title='bbox 1212 5916 1358 5979; x_wconf 86' lang='lat' dir='ltr'>securior:</span> <span class='ocrx_word' id='word_1_596' title='bbox 1378 5932 1387 5967; x_wconf 88' lang='grc' dir='ltr'>ι</span> <span class='ocrx_word' id='word_1_597' title='bbox 1405 5911 1472 5982; x_wconf 76' lang='lat' dir='ltr'>Quae</span> <span class='ocrx_word' id='word_1_598' title='bbox 1487 5922 1546 5973; x_wconf 84' lang='lat' dir='ltr'>ros,</span> <span class='ocrx_word' id='word_1_599' title='bbox 1564 5901 1668 6001; x_wconf 68' lang='lat' dir='ltr'>inqrtit,</span> <span class='ocrx_word' id='word_1_600' title='bbox 1680 5911 1698 5952; x_wconf 92' lang='lat' dir='ltr'>o</span> <span class='ocrx_word' id='word_1_601' title='bbox 1711 5894 1795 5999; x_wconf 81' lang='lat' dir='ltr'>eires,</span> <span class='ocrx_word' id='word_1_602' title='bbox 1811 5895 1930 5991; x_wconf 74' lang='lat' dir='ltr'>arrepsrt</span> 
     </span>
     <span class='ocr_line' id='line_1_56' title="bbox 294 5989 1687 6112; baseline -0.046 -2"><span class='ocrx_word' id='word_1_603' title='bbox 294 6048 416 6111; x_wconf 68' lang='lat' dir='ltr'>amiur</span> <span class='ocrx_word' id='word_1_604' title='bbox 429 6045 464 6105; x_wconf 87' lang='lat' dir='ltr'>ad</span> <span class='ocrx_word' id='word_1_605' title='bbox 477 6026 982 6112; x_wconf 82' lang='lat' dir='ltr'>bean,rtaoancrttoptnstontne</span> <span class='ocrx_word' id='word_1_606' title='bbox 996 6021 1087 6083; x_wconf 79' lang='lat' dir='ltr'>timeri</span> <span class='ocrx_word' id='word_1_607' title='bbox 1139 6012 1267 6075; x_wconf 86' lang='lat' dir='ltr'>insaniat</span> <span class='ocrx_word' id='word_1_608' title='bbox 1290 6008 1357 6088; x_wconf 85' lang='lat' dir='ltr'>quid</span> <span class='ocrx_word' id='word_1_609' title='bbox 1382 5994 1592 6079; x_wconf 81' lang='lat' dir='ltr'>rocilcrarninit</span> <span class='ocrx_word' id='word_1_610' title='bbox 1622 5989 1687 6062; x_wconf 81' lang='lat' dir='ltr'>quud</span> 
     </span>
    </p>
   </div>
   <div class='ocr_carea' id='block_1_12' title="bbox 1368 3865 1928 3939">
    <p class='ocr_par' dir='ltr' id='par_1_16' title="bbox 1368 3865 1928 3939">
     <span class='ocr_line' id='line_1_57' title="bbox 1368 3865 1928 3939; baseline -0.004 -14"><span class='ocrx_word' id='word_1_611' title='bbox 1368 3868 1540 3939; x_wconf 82' lang='lat' dir='ltr'>relinquere,</span> <span class='ocrx_word' id='word_1_612' title='bbox 1557 3875 1585 3938; x_wconf 88' lang='lat' dir='ltr'>et</span> <span class='ocrx_word' id='word_1_613' title='bbox 1604 3866 1727 3923; x_wconf 77' lang='lat' dir='ltr'>catastis</span> <span class='ocrx_word' id='word_1_614' title='bbox 1752 3865 1858 3927; x_wconf 86' lang='lat' dir='ltr'>lestinu</span> <span class='ocrx_word' id='word_1_615' title='bbox 1883 3880 1928 3923; x_wconf 85' lang='lat' dir='ltr'>as·</span> 
     </span>
    </p>
   </div>
   <div class='ocr_carea' id='block_1_13' title="bbox 1132 4144 1929 4965">
    <p class='ocr_par' dir='ltr' id='par_1_17' title="bbox 1132 4144 1929 4965">
     <span class='ocr_line' id='line_1_58' title="bbox 1170 4144 1927 4215; baseline -0.004 -14"><span class='ocrx_word' id='word_1_616' title='bbox 1170 4146 1274 4204; x_wconf 79' lang='lat' dir='ltr'>Praeses</span> <span class='ocrx_word' id='word_1_617' title='bbox 1295 4146 1382 4203; x_wconf 86' lang='lat' dir='ltr'>disit:</span> <span class='ocrx_word' id='word_1_618' title='bbox 1399 4165 1410 4200; x_wconf 85' lang='grc' dir='ltr'>ι</span> <span class='ocrx_word' id='word_1_619' title='bbox 1430 4146 1571 4212; x_wconf 88' lang='lat' dir='ltr'>Sacrillca,</span> <span class='ocrx_word' id='word_1_620' title='bbox 1586 4154 1614 4201; x_wconf 89' lang='lat' dir='ltr'>ct</span> <span class='ocrx_word' id='word_1_621' title='bbox 1629 4161 1690 4215; x_wconf 80' lang='lat' dir='ltr'>quas</span> <span class='ocrx_word' id='word_1_622' title='bbox 1705 4144 1755 4201; x_wconf 92' lang='lat' dir='ltr'>tibi</span> <span class='ocrx_word' id='word_1_623' title='bbox 1772 4144 1927 4209; x_wconf 86' lang='lat' dir='ltr'>imminent,</span> 
     </span>
     <span class='ocr_line' id='line_1_59' title="bbox 1134 4234 1927 4308; baseline -0.005 -12"><span class='ocrx_word' id='word_1_624' title='bbox 1134 4242 1251 4297; x_wconf 87' lang='lat' dir='ltr'>eradere</span> <span class='ocrx_word' id='word_1_625' title='bbox 1281 4250 1436 4308; x_wconf 87' lang='lat' dir='ltr'>tornrenta,</span> <span class='ocrx_word' id='word_1_626' title='bbox 1467 4239 1573 4295; x_wconf 86' lang='lat' dir='ltr'>lestina.</span> <span class='ocrx_word' id='word_1_627' title='bbox 1603 4236 1787 4306; x_wconf 77' lang='lat' dir='ltr'>»Respondit</span> <span class='ocrx_word' id='word_1_628' title='bbox 1811 4234 1893 4289; x_wconf 81' lang='lat' dir='ltr'>liaris</span> <span class='ocrx_word' id='word_1_629' title='bbox 1917 4254 1927 4292; x_wconf 82' lang='grc' dir='ltr'>ι</span> 
     </span>
     <span class='ocr_line' id='line_1_60' title="bbox 1138 4326 1928 4403; baseline -0.004 -17"><span class='ocrx_word' id='word_1_630' title='bbox 1138 4334 1321 4401; x_wconf 73' lang='lat' dir='ltr'>«Turnacum,</span> <span class='ocrx_word' id='word_1_631' title='bbox 1343 4348 1403 4403; x_wconf 76' lang='lat' dir='ltr'>quse</span> <span class='ocrx_word' id='word_1_632' title='bbox 1425 4330 1554 4396; x_wconf 84' lang='lat' dir='ltr'>mittaris,</span> <span class='ocrx_word' id='word_1_633' title='bbox 1577 4328 1735 4391; x_wconf 73' lang='lat' dir='ltr'>transitoris</span> <span class='ocrx_word' id='word_1_634' title='bbox 1759 4334 1845 4382; x_wconf 85' lang='lat' dir='ltr'>sunt:</span> <span class='ocrx_word' id='word_1_635' title='bbox 1861 4326 1928 4383; x_wconf 90' lang='lat' dir='ltr'>illud</span> 
     </span>
     <span class='ocr_line' id='line_1_61' title="bbox 1135 4418 1927 4498; baseline -0.021 -9"><span class='ocrx_word' id='word_1_636' title='bbox 1135 4432 1264 4498; x_wconf 89' lang='lat' dir='ltr'>obsecro,</span> <span class='ocrx_word' id='word_1_637' title='bbox 1288 4439 1317 4483; x_wconf 95' lang='lat' dir='ltr'>nt</span> <span class='ocrx_word' id='word_1_638' title='bbox 1338 4431 1411 4497; x_wconf 86' lang='lat' dir='ltr'>qtrod</span> <span class='ocrx_word' id='word_1_639' title='bbox 1434 4425 1570 4487; x_wconf 89' lang='lat' dir='ltr'>intentas,</span> <span class='ocrx_word' id='word_1_640' title='bbox 1595 4436 1649 4477; x_wconf 90' lang='lat' dir='ltr'>non</span> <span class='ocrx_word' id='word_1_641' title='bbox 1676 4420 1767 4475; x_wconf 87' lang='lat' dir='ltr'>tardes</span> <span class='ocrx_word' id='word_1_642' title='bbox 1785 4418 1927 4490; x_wconf 85' lang='lat' dir='ltr'>perlicere.</span> 
     </span>
     <span class='ocr_line' id='line_1_62' title="bbox 1137 4503 1929 4589; baseline -0.02 -9"><span class='ocrx_word' id='word_1_643' title='bbox 1137 4523 1269 4580; x_wconf 86' lang='lat' dir='ltr'>uontnns</span> <span class='ocrx_word' id='word_1_644' title='bbox 1283 4514 1350 4577; x_wconf 82' lang='lat' dir='ltr'>tulhl</span> <span class='ocrx_word' id='word_1_645' title='bbox 1367 4517 1475 4589; x_wconf 75' lang='lat' dir='ltr'>adiutor</span> <span class='ocrx_word' id='word_1_646' title='bbox 1486 4503 1538 4579; x_wconf 82' lang='lat' dir='ltr'>est,</span> <span class='ocrx_word' id='word_1_647' title='bbox 1552 4528 1605 4568; x_wconf 90' lang='lat' dir='ltr'>non</span> <span class='ocrx_word' id='word_1_648' title='bbox 1620 4510 1732 4577; x_wconf 85' lang='lat' dir='ltr'>tintebo,</span> <span class='ocrx_word' id='word_1_649' title='bbox 1752 4509 1818 4580; x_wconf 78' lang='lat' dir='ltr'>quid</span> <span class='ocrx_word' id='word_1_650' title='bbox 1845 4509 1929 4564; x_wconf 85' lang='lat' dir='ltr'>iaciat</span> 
     </span>
     <span class='ocr_line' id='line_1_63' title="bbox 1136 4601 1928 4679; baseline -0.021 -8"><span class='ocrx_word' id='word_1_651' title='bbox 1136 4614 1203 4673; x_wconf 87' lang='lat' dir='ltr'>nuitti</span> <span class='ocrx_word' id='word_1_652' title='bbox 1231 4614 1322 4669; x_wconf 86' lang='lat' dir='ltr'>homo.</span> <span class='ocrx_word' id='word_1_653' title='bbox 1340 4629 1350 4664; x_wconf 82' lang='lat' dir='ltr'>s</span> <span class='ocrx_word' id='word_1_654' title='bbox 1367 4608 1526 4679; x_wconf 75' lang='lat' dir='ltr'>Indignatus</span> <span class='ocrx_word' id='word_1_655' title='bbox 1549 4618 1652 4675; x_wconf 75' lang='lat' dir='ltr'>praeses</span> <span class='ocrx_word' id='word_1_656' title='bbox 1679 4601 1821 4672; x_wconf 84' lang='lat' dir='ltr'>suppliciis</span> <span class='ocrx_word' id='word_1_657' title='bbox 1843 4614 1928 4667; x_wconf 88' lang='lat' dir='ltr'>eant,</span> 
     </span>
     <span class='ocr_line' id='line_1_64' title="bbox 1132 4692 1928 4783; baseline -0.023 -18"><span class='ocrx_word' id='word_1_658' title='bbox 1132 4710 1211 4783; x_wconf 75' lang='lat' dir='ltr'>jubet</span> <span class='ocrx_word' id='word_1_659' title='bbox 1238 4703 1377 4778; x_wconf 83' lang='lat' dir='ltr'>applicari.</span> <span class='ocrx_word' id='word_1_660' title='bbox 1400 4700 1466 4771; x_wconf 74' lang='lat' dir='ltr'>Quae</span> <span class='ocrx_word' id='word_1_661' title='bbox 1489 4706 1591 4755; x_wconf 82' lang='lat' dir='ltr'>tanturn</span> <span class='ocrx_word' id='word_1_662' title='bbox 1613 4697 1708 4769; x_wconf 87' lang='lat' dir='ltr'>pnpnli</span> <span class='ocrx_word' id='word_1_663' title='bbox 1726 4692 1928 4751; x_wconf 81' lang='lat' dir='ltr'>nuiserationeus</span> 
     </span>
     <span class='ocr_line' id='line_1_65' title="bbox 1137 4785 1928 4875; baseline -0.027 -16"><span class='ocrx_word' id='word_1_664' title='bbox 1137 4806 1234 4875; x_wconf 84' lang='lat' dir='ltr'>adepta</span> <span class='ocrx_word' id='word_1_665' title='bbox 1249 4811 1302 4868; x_wconf 91' lang='lat' dir='ltr'>cst,</span> <span class='ocrx_word' id='word_1_666' title='bbox 1323 4807 1352 4855; x_wconf 95' lang='lat' dir='ltr'>ut</span> <span class='ocrx_word' id='word_1_667' title='bbox 1375 4811 1390 4851; x_wconf 86' lang='lat' dir='ltr'>a</span> <span class='ocrx_word' id='word_1_668' title='bbox 1411 4792 1656 4849; x_wconf 82' lang='lat' dir='ltr'>circrnnsrnntbus</span> <span class='ocrx_word' id='word_1_669' title='bbox 1679 4788 1807 4859; x_wconf 81' lang='lat' dir='ltr'>lacryrnae</span> <span class='ocrx_word' id='word_1_670' title='bbox 1827 4785 1928 4840; x_wconf 83' lang='lat' dir='ltr'>lunde-</span> 
     </span>
     <span class='ocr_line' id='line_1_66' title="bbox 1140 4877 1929 4965; baseline -0.032 -10"><span class='ocrx_word' id='word_1_671' title='bbox 1140 4908 1243 4962; x_wconf 88' lang='lat' dir='ltr'>rentur,</span> <span class='ocrx_word' id='word_1_672' title='bbox 1261 4889 1420 4965; x_wconf 78' lang='lat' dir='ltr'>magnisque</span> <span class='ocrx_word' id='word_1_673' title='bbox 1438 4887 1475 4942; x_wconf 90' lang='lat' dir='ltr'>illi</span> <span class='ocrx_word' id='word_1_674' title='bbox 1497 4883 1663 4939; x_wconf 88' lang='lat' dir='ltr'>clarueribus</span> <span class='ocrx_word' id='word_1_675' title='bbox 1682 4882 1789 4936; x_wconf 83' lang='lat' dir='ltr'>venriarn</span> <span class='ocrx_word' id='word_1_676' title='bbox 1808 4877 1929 4948; x_wconf 84' lang='lat' dir='ltr'>postula·</span> 
     </span>
    </p>
   </div>
   <div class='ocr_carea' id='block_1_14' title="bbox 1139 4971 1929 5052">
    <p class='ocr_par' dir='ltr' id='par_1_18' title="bbox 1139 4971 1929 5052">
     <span class='ocr_line' id='line_1_67' title="bbox 1139 4971 1929 5052; baseline -0.033 0"><span class='ocrx_word' id='word_1_677' title='bbox 1139 5003 1209 5052; x_wconf 91' lang='lat' dir='ltr'>rcnt.</span> <span class='ocrx_word' id='word_1_678' title='bbox 1230 4992 1331 5048; x_wconf 81' lang='lat' dir='ltr'>ilerum</span> <span class='ocrx_word' id='word_1_679' title='bbox 1357 4980 1504 5042; x_wconf 87' lang='lat' dir='ltr'>accelerari</span> <span class='ocrx_word' id='word_1_680' title='bbox 1529 4994 1637 5049; x_wconf 85' lang='lat' dir='ltr'>poernnn</span> <span class='ocrx_word' id='word_1_681' title='bbox 1664 4976 1780 5047; x_wconf 84' lang='lat' dir='ltr'>urgebat</span> <span class='ocrx_word' id='word_1_682' title='bbox 1801 4971 1929 5044; x_wconf 75' lang='lat' dir='ltr'>praesidis</span> 
     </span>
    </p>
   </div>
   <div class='ocr_carea' id='block_1_15' title="bbox 0 0 2317 6756">
    <p class='ocr_par' dir='ltr' id='par_1_19' title="bbox 0 0 2317 6756">
     <span class='ocr_line' id='line_1_68' title="bbox 0 0 2317 6756; baseline 0 0"><span class='ocrx_word' id='word_1_683' title='bbox 0 0 2317 6756; x_wconf 95' lang='lat' dir='ltr'> </span> 
     </span>
    </p>
   </div>
  </div>
 </body>
</html>
