4584 6767
241 623 250 641 ¹
282 610 352 669 roro
1051 611 1142 670 rtrt.
1175 598 1186 608 “
1341 609 1343 613 ·
1754 635 1757 642 ·
1842 614 1913 672 ress

280 738 456 787 enarrersum,
472 737 569 779 sersus
581 721 686 779 crrriam
700 738 762 778 eunt
782 723 1006 781 attestationibus
1021 711 1107 786 sur-‘A
1121 722 1236 795 gestibus
1262 726 1416 797 supplicare
1439 726 1602 799 dignemini,
1626 735 1764 798 quatenns
1790 738 1914 799 ternpore

281 817 414 890 praelieris
430 823 459 876 nt
473 815 543 870 irent
556 814 714 872 destinarit.
737 814 791 883 Qui
814 816 1070 888 virilitersusccpto
1121 831 1179 871 susc
1200 815 1373 875 rerelationis
1388 834 1439 875 nos
1453 818 1913 890 rtsttaeaaccsnsutereulmnnnr

282 910 469 981 impositoque
491 906 542 963 sibi
558 908 669 978 negotio
692 924 754 963 cnm
773 909 848 965 omni
877 910 1069 981 prosperitate,
1121 909 1260 979 aliquibus
1275 910 1372 982 signis.
1393 910 1450 968 Vos
1463 912 1537 967 enirn
1559 912 1786 982 cemltisqnilnrs
1806 920 1915 967 tenetur
1960 949 1962 954 -

281 1017 314 1058 ae
328 1000 386 1057 Deo
398 1000 525 1064 ducente,
544 998 650 1057 meritis
664 998 694 1054 lt.
710 998 841 1070 Stephani
855 997 971 1055 liumam
987 1014 1072 1056 reete·
1122 1000 1169 1056 bet
1185 1003 1303 1073 populus
1314 1002 1451 1074 obligatus
1472 1002 1590 1061 vinculis
1604 1004 1736 1061 cecitatis
1749 1012 1833 1074 atque
1852 1004 1915 1057 lull-

281 1104 357 1149 rnnt.
383 1089 609 1162 Srrsceptilqitur
633 1104 650 1146 a
673 1091 990 1162 srrrnmopontilleeeta
1009 1092 1072 1163 qul·
1122 1094 1253 1163 delitatis,
1267 1103 1295 1151 et
1317 1095 1371 1152 nisi
1386 1095 1506 1164 viderint
1527 1097 1607 1167 signa
1630 1106 1659 1153 et
1678 1096 1815 1168 prodigia,
1839 1102 1915 1151 uerte

248 1237 252 1244 .
282 1184 398 1241 busdam
414 1181 512 1239 amieis
523 1183 582 1237 sois
592 1180 789 1249 cardinalibus,
805 1183 909 1239 litteras
919 1183 1072 1239 attestatio-
1122 1186 1235 1243 minime
1254 1187 1375 1243 eredens
1400 1186 1484 1261 Signa
1512 1199 1603 1245 autem
1624 1189 1726 1244 dantur
1748 1186 1914 1254 infidelibus,

282 1276 326 1333 nis
340 1290 411 1346 quas
429 1288 524 1330 seeum
548 1272 704 1329 detulerant
719 1268 908 1331 ostenderunt.
922 1274 997 1332 Visis
1009 1289 1072 1345 per·
1122 1294 1178 1333 non
1195 1278 1331 1335 lidelibus.
1350 1277 1483 1350 linquirat
1503 1280 1596 1352 itaque
1616 1290 1708 1337 restra
1724 1279 1864 1336 brumilitas
1879 1278 1917 1335 ab

255 1402 259 1410 ·
280 1367 417 1437 lectisque
438 1366 546 1432 litteris,
569 1367 687 1423 domnus
701 1381 770 1437 papa
797 1381 860 1422 eum
885 1368 1072 1424 cardinalibus
1122 1383 1157 1425 ro
1168 1380 1198 1426 ut
1208 1370 1310 1428 llarnet
1323 1380 1473 1443 appareant
1486 1372 1577 1445 aliqua
1593 1373 1725 1429 miracula
1739 1372 1918 1446 ejnsuerltis

281 1458 425 1529 negotium
441 1458 524 1524 istud,
554 1456 611 1513 lieo
638 1458 813 1528 disponente,
841 1459 958 1515 lideliter
984 1459 1073 1516 adim·
1122 1470 1150 1517 et
1160 1462 1287 1534 precibus
1300 1464 1519 1522 dirinomunere
1531 1466 1558 1521 in
1572 1464 1619 1521 bet
1631 1466 1743 1538 papula.
1759 1484 1769 1520 r
1790 1464 1852 1534 Quo
1866 1480 1918 1522 att·

283 1547 358 1619 plere
370 1547 489 1613 curarit,
501 1548 616 1604 medens
626 1548 700 1620 quod
718 1550 741 1605 si
760 1565 812 1607 suu
836 1557 959 1620 tempore
972 1551 1025 1606 tale
1039 1567 1073 1608 ac
1122 1555 1190 1619 dito,
1207 1555 1356 1611 admodum
1374 1557 1460 1628 parisi
1474 1569 1583 1625 sumus,
1595 1566 1624 1614 et
1637 1558 1808 1614 exsultantes
1822 1571 1856 1614 ac
1869 1556 1920 1613 la·

284 1650 389 1697 tantum
409 1656 479 1711 opus
501 1643 633 1711 perlicere
657 1650 761 1712 posset,
783 1656 913 1714 maqnum
928 1644 1071 1714 praemnnn
1123 1646 1237 1703 tabundi
1260 1648 1302 1702 eis
1326 1647 1468 1705 diximus:
1484 1647 1605 1705 «Venite
1629 1662 1695 1720 erqo
1723 1656 1752 1703 et
1772 1660 1918 1717 manresa·

282 1734 357 1809 apud
370 1734 457 1791 licum
473 1733 578 1790 meritis
594 1733 625 1789 B.
645 1732 776 1805 Stephani
793 1735 950 1805 perenniter
963 1736 1073 1795 obtine·
1123 1738 1202 1804 mini,
1221 1747 1249 1796 et
1269 1753 1366 1800 eamus
1383 1750 1447 1797 autc
1460 1742 1617 1812 sepulcrum
1633 1740 1705 1797 beati
1717 1740 1781 1808 riri,
1795 1739 1918 1811 etimo-

282 1834 337 1886 ιιι.
351 1821 505 1895 llabtthue
518 1841 581 1881 cum
595 1825 655 1880 suis
666 1822 797 1881 iratribus
807 1825 935 1894 consilio,
951 1827 1073 1884 destina·
1123 1844 1219 1886 cemus
1231 1845 1330 1886 nomen
1342 1830 1463 1900 llontini,
1474 1841 1505 1888 ut
1514 1833 1561 1905 qni
1572 1847 1635 1889 eum
1650 1832 1797 1888 miridcare
1811 1831 1917 1901 incipit,

287 1919 329 1975 nit
350 1917 493 1975 dominum
517 1916 717 2001 Praenestinum
743 1918 915 1990 episcopum,
936 1916 1072 1975 loannem
1123 1920 1241 1977 dirersis
1255 1920 1459 1993 diqnetureum
1483 1928 1622 1978 bonorare
1638 1920 1816 1977 miraculis.»
1838 1918 1918 1975 Tana

283 2011 372 2067 saneti
388 2010 470 2066 liarei
491 2009 659 2066 cardinalem
675 2020 702 2066 et
717 2010 875 2081 apostolicae
898 2011 971 2067 sedis
987 2010 1073 2082 lega·
1124 2009 1225 2068 iratres
1245 2026 1341 2068 unrnes
1360 2012 1485 2080 veniunt,
1510 2012 1631 2068 oratimrl
1652 2011 1778 2067 irruistere
1801 2024 1856 2066 non
1871 2010 1918 2067 de·

261 2171 265 2178 ,
283 2088 434 2169 ium,dans
447 2101 472 2157 ci
483 2102 655 2175 pripilegium
670 2104 922 2175 utqnemandatam
937 2110 1075 2173 qnatenus
1090 2058 1238 2168 'sistunt
1262 2099 1309 2157 liei
1335 2109 1461 2173 qtnmnnt
1484 2101 1635 2168 auxilinm,
1653 2100 1798 2156 laadarnes
1818 2113 1922 2155 nonen

284 2190 369 2247 reloei
388 2205 472 2246 eursu
496 2192 532 2264 ad
561 2192 786 2251 Grandimontcm
805 2194 957 2261 accederet,
969 2201 997 2247 et
1009 2207 1076 2249 san·
1126 2193 1235 2249 bomini
1256 2192 1330 2263 quod
1349 2203 1392 2250 est
1410 2192 1584 2249 benedictum
1603 2193 1631 2248 in
1650 2192 1770 2248 saeculis.

284 2291 359 2337 “¹¹⁰¹
384 2281 431 2338 ⁰⁰¹
457 2284 619 2352 ¹¹⁰¹¹⁰fifl⁰⁶·
636 2287 813 2352 ·¹¹¹‘¹⁰⁰⁰¹¹²‘2
837 2284 1024 2351 ‘mmmm’
1048 2292 1077 2339 ‘²
1126 2308 1171 2368 li'.
1192 2310 1232 2366 De
1248 2309 1463 2380 nriruculuqncd
1482 2319 1543 2363 ente
1559 2307 1744 2363 revelationem
1764 2306 1835 2362 beuti
1856 2302 1922 2362 let·

284 2383 443 2431 sanctorum
467 2376 593 2448 catalogo
613 2378 805 2449 conjungeret.
830 2376 917 2432 Nobis
932 2385 1025 2439 autern
1048 2384 1076 2431 ct
1417 2380 1499 2448 plani
1520 2380 1629 2433 accidit.

284 2467 405 2537 capitulo
421 2476 517 2523 nostro
529 2469 582 2524 tale
592 2469 767 2541 privilegium
787 2484 836 2540 per
850 2468 950 2527 iratres
964 2476 1076 2525 nostros
1162 2473 1288 2543 Cumque
1298 2483 1407 2544 tempus
1415 2472 1589 2533 revelationis
1599 2472 1843 2543 apqrmpinqnaret.
1855 2483 1922 2526 ecoe

284 2558 470 2615 transmittere
481 2560 626 2618 crrrarilln
639 2561 713 2616 bunc
724 2560 860 2616 modum:
1127 2564 1212 2620 botran
1229 2564 1341 2635 quidam
1359 2578 1450 2619 meus
1466 2572 1494 2617 et
1515 2577 1598 2617 senes
1622 2562 1732 2618 ducitur
1751 2563 1779 2618 iu
1800 2560 1920 2617 Grandi·

252 2680 255 2683 >
291 2650 446 2708 ‘eunucus
470 2651 635 2723 episcopus,
657 2665 756 2707 sersus
784 2666 927 2708 serrorum
954 2649 1014 2717 nen
1032 2648 1077 2703 die
1127 2665 1221 2714 niente
1240 2656 1274 2713 de
1286 2656 1416 2727 parocbia
1429 2656 1482 2710 vici
1505 2653 1672 2718 Ambasiaei,
1688 2663 1922 2727 quaerensctpe·
2013 2698 2015 2701 e

283 2739 364 2827 lectis
390 2743 418 2797 in
443 2741 556 2798 Christo
581 2742 646 2799 liliis
673 2741 802 2799 Garunna
828 2742 914 2812 priori
933 2750 961 2797 ct
982 2739 1078 2795 iratri-
1127 2747 1234 2802 sautans
1249 2747 1382 2801 auxilinm
1406 2745 1515 2801 bortrini
1535 2745 1627 2801 etriri
1650 2746 1697 2801 nei
1720 2746 1863 2817 stephani,
1889 2744 1924 2802 Et

283 2835 338 2892 bus
354 2833 563 2890 Grarrdirnontis
583 2834 700 2911 salutem
719 2821 746 2890 ἐι
761 2832 941 2905 apostolicam
965 2830 1076 2888 mnndi·
1126 2839 1216 2912 qnid?
1233 2837 1359 2894 llanibus
1379 2838 1422 2893 sui
1443 2837 1565 2894 ductoris
1587 2838 1705 2893 trabitur
1723 2837 1750 2892 in
1764 2837 1923 2906 cadesim,

283 2927 415 2987 ctionem.
1128 2928 1209 2985 nubis
1230 2928 1387 2984 ridentibus
1401 2935 1484 2999 atque
1503 2928 1737 2999 precipientibus,
1761 2928 1924 2985 intromitti·

322 3020 384 3075 ldeu
410 3026 614 3076 sacrosanctam
647 3014 800 3072 Romanam
827 3013 1000 3084 Ecclesiam,
1021 3023 1076 3072 etc.
1129 3031 1186 3090 tur,
1201 3021 1236 3077 ad
1256 3020 1342 3077 altare
1363 3020 1521 3087 deducitur,
1540 3021 1658 3084 oratioa
1679 3019 1810 3076 iratribus
1824 3019 1924 3092 prere

289 3111 357 3169 Vide
372 3108 601 3178 inclementelli,
616 3109 867 3179 delectamentum.
884 3107 952 3166 Cili.
1007 3167 1013 3173 ,
1129 3114 1254 3170 sanando
1274 3113 1308 3169 ad
1325 3111 1470 3168 Dominum
1487 3111 1621 3179 inluditur,
1646 3113 1726 3185 signu
1745 3127 1818 3168 ncne
1832 3111 1924 3168 certeis

285 3226 288 3232 ·
321 3204 447 3274 senentis
462 3204 552 3273 itaque
574 3202 670 3269 litteris
687 3201 790 3258 domini
811 3216 897 3273 pape,
918 3209 946 3282 et
966 3215 1080 3273 recepe·
1129 3205 1318 3278 consignatur,
1334 3205 1409 3261 illico
1426 3204 1608 3272 illuminatur,
1622 3204 1717 3260 lumen
1731 3210 1923 3274 recuperatur,
1952 3268 1958 3278 ,

286 3299 355 3386 natis
375 3296 534 3361 honorilice,
552 3303 582 3351 ut
595 3295 718 3361 decebat,
731 3294 835 3350 nuntiis
850 3292 965 3358 nostris,
979 3291 1078 3349 adnm·
1131 3308 1245 3363 sanatus
1267 3299 1384 3355 lentatur.
1405 3297 1457 3366 Qui
1483 3297 1543 3354 sine
1568 3296 1692 3354 dne-turis
1709 3309 1791 3350 mann
1819 3294 1924 3366 ingredi

286 3389 352 3445 dum
375 3387 456 3444 laeldli
472 3403 579 3451 subtus.
603 3394 629 3443 tl
655 3384 712 3442 ⁰⁰⁰
736 3386 848 3457 nitidas,
873 3394 904 3441 ιιι
926 3386 1114 3468 ιθῑιιὶῑιιιιῦρι]
1130 3410 1189 3458 non,
1205 3392 1420 3463 saturnusque
1438 3390 1562 3446 «lactoris
1578 3387 1693 3457 auxilio,
1711 3386 1808 3443 ridens
1829 3393 1857 3441 ct
1879 3385 1927 3441 luc·

287 3495 350 3537 cunt
369 3479 459 3551 dignis
475 3478 603 3534 laudibus
627 3477 796 3532 exsultantes
815 3485 842 3533 ct
863 3477 968 3533 alacres
988 3476 1079 3534 reddi·
1130 3484 1373 3542 tabundusexirit.
1399 3477 1457 3539 iloc
1471 3482 1600 3548 uidimus,
1621 3481 1674 3537 buc
1687 3488 1833 3547 testamur,
1845 3486 1873 3533 et
1885 3487 1928 3534 tt*

286 3575 390 3629 dintus.
402 3570 481 3627 Tunc
501 3571 593 3649 omnis
605 3568 720 3625 iratruut
734 3578 886 3625 corrrentos
900 3583 962 3625 cum
978 3584 1078 3641 ntagna
1130 3576 1290 3635 stimonium
1306 3576 1378 3632 istun
1398 3590 1493 3630 rerum
1508 3582 1560 3629 est.
1575 3571 1697 3643 Appenni
1717 3579 1821 3643 quante
1833 3576 1925 3625 ant-m

286 3665 430 3721 deuotione
444 3663 521 3720 nobis
534 3662 695 3733 supplicarit
706 3670 787 3732 suque
800 3661 1021 3729 eslrnrtatnsest,
1035 3659 1079 3714 di·
1130 3669 1201 3725 10520
1216 3668 1246 3724 s,
1269 3666 1426 3740 suguntur,
1446 3676 1474 3720 er
1485 3666 1542 3736 jam
1566 3664 1695 3720 nnsuqcrn
1716 3672 1839 3724 recenter
1853 3660 1928 3717 lif-n-

287 3771 353 3811 eens
369 3773 377 3809 :
397 3751 640 3819 «neminemne,
664 3761 754 3808 restra
775 3750 904 3807 discretio
920 3751 997 3805 norit
1010 3764 1081 3820 qno-
1129 3759 1190 3814 τίω
1203 3758 1354 3827 pungnam...
1373 3770 1437 3826 rege
1450 3753 1636 3809 asturiensium
1661 3753 1730 3823 (ab),
1744 3767 1805 3808 enm
1822 3756 1922 3822 magna

288 3846 372 3902 morlo
394 3855 423 3901 ct
449 3844 679 3916 quemadmodum
697 3853 775 3915 pater
789 3844 939 3915 spiritualis
961 3843 1082 3899 domnus
1130 3848 1276 3903 velocitate
1287 3841 1417 3901 dominus
1427 3845 1534 3916 legatus
1547 3858 1580 3898 ac
1592 3842 1677 3898 toluci
1693 3856 1776 3897 cnrsn
1789 3840 1823 3895 ad
1837 3837 1927 3895 Gran·

286 3930 386 3997 Petrus
399 3938 598 3994 lemovicanus
609 3937 686 4008 prior
702 3938 850 4002 secundus,
868 3938 981 3993 domino
991 3953 1023 3993 ae
1035 3953 1081 3992 re·
1130 3921 1289 3996 dimontem
1305 3937 1421 3993 accedit.
1447 3934 1612 3992 conseratis
1627 3933 1710 4005 igitur
1722 3942 1749 3989 et
1763 3932 1927 3989 coatiunatia

287 4028 404 4086 acrabili
419 4028 489 4100 patri
505 4028 595 4098 primu
609 4025 642 4082 tt.
666 4025 816 4097 Steplrano,
837 4036 866 4082 et
887 4028 965 4099 quasi
990 4027 1080 4083 incre·
1131 4031 1232 4088 ibidem
1244 4028 1380 4101 episcopis
1394 4037 1422 4084 et
1444 4026 1670 4098 archiepiscopis,
1686 4025 1812 4081 uidelicet
1823 4024 1927 4080 domno
2044 4043 2047 4050 ·

286 4117 379 4194 ¹pando
394 4135 426 4175 ac
441 4120 581 4185 minando,
610 4135 673 4175 cum
696 4126 819 4175 cerneret
841 4120 913 4191 quud
937 4118 1010 4177 licus
1033 4131 1082 4191 per
1106 4106 1109 4109 ’
1131 4118 1596 4186 llernienliinrricensc,liaiuaudo
1611 4115 1846 4189 spanienanut
1861 4124 1928 4173 tunc

225 4268 231 4276 ,
287 4213 385 4269 merita
399 4212 485 4283 ipsius
500 4209 623 4281 prodi-,gia
638 4220 665 4267 et
679 4210 758 4282 signa
776 4210 888 4279 laceret,
900 4226 964 4267 etrm
983 4227 1017 4267 ne
1041 4218 1082 4266 ta·
1132 4222 1150 4270 t·
1161 4213 1265 4285 mpurls
1281 4228 1296 4266 a
1318 4209 1511 4265 transmarinis
1532 4208 1657 4279 partibus
1675 4206 1755 4263 exsul
1772 4207 1826 4262 ltue
1842 4222 1927 4262 tenc·

287 4310 351 4365 liter
364 4315 455 4380 ageret
470 4289 860 4376 prurienti,enittteedtecns:
873 4303 943 4373 Quid
955 4313 998 4361 cst
1012 4305 1083 4368 boc?
1132 4317 1186 4373 rat,
1208 4319 1314 4363 neesson
1333 4312 1361 4358 et
1382 4302 1457 4357 liclia
1482 4301 1677 4373 burdigalense
1700 4298 1926 4371 archiepiscopis,

288 4402 354 4474 qnid
368 4400 498 4471 estquod
524 4400 593 4469 agis,
609 4397 690 4454 Pater
704 4397 915 4453 amantissime?
932 4396 1082 4465 Quereris
1131 4409 1159 4458 et
1175 4398 1326 4455 Scibrando
1340 4388 1580 4459 laemotieenseaet
1590 4393 1736 4449 duillelmo
1746 4390 1927 4457 pictaviense,

289 4511 341 4552 nus
354 4508 448 4550 semus
461 4484 614 4549 sanctitatis
625 4500 678 4546 tuae
690 4489 874 4561 perpetrando
889 4488 1020 4545 miracula
1036 4497 1081 4544 tna
1131 4500 1159 4548 et
1171 4488 1246 4544 llrlia
1261 4484 1449 4551 llantonensc,
1461 4494 1489 4540 et
1500 4484 1636 4539 Adcuraro
1651 4478 1928 4556 Petragnricense,·et

288 4586 434 4642 excludere
456 4584 492 4640 ab
509 4584 560 4640 bac
585 4580 754 4654 paupertatis
778 4579 995 4651 humilitatisque
1020 4578 1083 4634 riui
1132 4577 1439 4643 ceratdocnnreense,
1466 4587 1493 4631 et
1513 4573 1665 4631 bertrando
1688 4575 1849 4647 Agerrnensc
1867 4568 1927 4643 epl-

288 4675 383 4731 Nunnc
400 4675 477 4745 siqua
491 4689 524 4730 ac
538 4672 669 4729 ntiracula
693 4663 788 4728 turbas
802 4671 1082 4743 congregationesque
1133 4671 1236 4743 scopis,
1251 4669 1397 4739 abbatibus
1407 4658 1489 4725 e'tiam
1505 4665 1534 4724 et
1546 4666 1615 4723 viris
1630 4666 1779 4738 religiosis,
1803 4673 1830 4721 et
1849 4665 1931 4737 plurim

289 4766 430 4822 huminum
446 4765 612 4838 requirunt?
639 4761 672 4818 Et
690 4763 829 4835 quomodo
847 4764 999 4833 perterirnns
1016 4779 1081 4835 per·
1096 4750 1120 4805 D
1134 4761 1337 4817 innumerabili.
1363 4757 1442 4815 Tunc
1465 4757 1548 4814 etiam
1574 4750 1678 4830 clerici,
1706 4756 1753 4827 qni
1777 4771 1866 4827 usquc
1891 4751 1927 4810 ad
1953 4764 1958 4772 ’

289 4874 401 4915 nrarrere
415 4858 442 4912 in
459 4867 564 4914 secreto
577 4856 745 4921 solitudinis,
764 4856 787 4912 sl
800 4856 922 4926 undique
936 4856 1023 4912 tur-bac
1034 4855 1082 4911 ad·
1134 4864 1244 4925 tempus
1264 4854 1330 4909 illud
1349 4851 1491 4908 discordes
1510 4852 1680 4916 exstiterant,
1695 4848 1751 4905 Deo
1765 4842 1929 4920 inspirante,

288 4952 412 5017 reniunt,
435 4951 538 5006 auditis
551 4959 578 5005 et
598 4939 666 5005 risis
683 4948 822 5005 miraculis
847 4949 924 5006 tuis?
953 4947 1082 5020 Nunquid
1133 4947 1168 5002 ad
1183 4961 1277 5018 pacem
1289 4946 1414 5013 redeunt,
1430 4951 1457 4999 et
1469 4942 1747 4999 ridentibuscunetis
1761 4955 1832 5013 quos
1844 4938 1927 5011 supra

278 5059 344 5109 ‚rron
366 5043 504 5099 credimus
523 5040 660 5098 sanctitati
683 5040 760 5096 tuac?
776 5041 857 5095 Certe
877 5040 1023 5097 eredimus.
1046 5038 1082 5096 tn
1133 5037 1349 5115 nominavimus,
1366 5036 1394 5091 in
1414 5034 1535 5106 capitulo
1560 5032 1723 5091 ultedieutise
1736 5042 1837 5089 nouere
1859 5032 1931 5103 ingo

288 5135 354 5206 qnid
366 5150 466 5189 vexare
480 5150 530 5188 nos
546 5134 643 5203 cupis?
657 5134 721 5205 quid
736 5133 783 5188 tibi
796 5140 825 5187 et
844 5132 1007 5187 miraculis?
1034 5131 1081 5187 ne
1134 5129 1284 5194 humiliter,
1301 5126 1466 5191 ut'deccbnt,
1480 5126 1549 5181 colla
1562 5126 1737 5198 submittunt,
1752 5130 1779 5178 ct
1793 5124 1821 5177 in
1832 5121 1931 5177 osculo

288 5228 359 5292 abac,
376 5225 481 5291 desine,
495 5241 563 5280 ease
577 5225 639 5280 dico
657 5226 798 5281 abeorurn
813 5224 931 5295 pornpis,
947 5223 1014 5278 nibil
1030 5223 1080 5279 tibi
1134 5221 1249 5290 pacis,a
1268 5218 1429 5276 nobiseta
1458 5209 1589 5272 iratribus
1610 5216 1707 5271 denote
1727 5212 1927 5289 suscipiuntur.
2015 5275 2019 5282 ι

288 5318 393 5374 etillis.
411 5316 527 5383 Desiste,
545 5317 584 5371 mi
609 5317 731 5383 dominc,
761 5325 810 5371 aut
839 5316 862 5371 si
888 5330 944 5369 non
973 5314 1081 5382 ier-etis,
1107 5377 1113 5387 Ι
1135 5310 1183 5365 llis
1205 5311 1298 5379 itaque
1319 5308 1448 5379 peractis,
1464 5324 1497 5364 ac
1516 5306 1671 5363 letantibus
1686 5315 1713 5361 et
1726 5292 1960 5370 exsultantibns'¹

287 5419 361 5467 certe
375 5424 430 5465 non
446 5409 557 5478 diligam
570 5417 605 5475 tc,
619 5418 647 5463 et
660 5409 696 5465 ab
708 5409 762 5465 isto
776 5408 836 5464 tneo
859 5407 1003 5467 inhoneste
1021 5422 1082 5460 um·
1134 5400 1162 5455 ιιι
1178 5400 1296 5456 Dondnu
1311 5399 1457 5465 universis,
1470 5399 1597 5454 nutrimus
1610 5399 1644 5453 ad
1662 5398 1752 5452 locum
1767 5395 1812 5450 ubi
1825 5405 1928 5465 en‘ptts

288 5504 355 5560 nitro
369 5500 513 5557 excludam
530 5508 566 5565 te,
577 5510 602 5556 ct
617 5500 758 5572 projiciam
778 5508 804 5554 te
820 5501 846 5553 iu
858 5499 976 5569 aliquem
991 5497 1081 5571 locum
1134 5488 1166 5546 B.
1181 5490 1312 5563 Stephani
1334 5508 1397 5549 cnm
1421 5492 1507 5564 digno
1525 5492 1630 5546 bonore
1652 5490 1794 5545 humatum
1806 5487 1925 5559 jacebat.

287 5592 452 5648 uilissimum
472 5598 499 5646 ct
519 5591 732 5645 inhonestum.»
755 5587 817 5643 llaec
832 5597 896 5643 strnt
919 5587 1001 5642 rerba
1021 5601 1083 5657 qnae
1123 5582 1213 5639 'Tunc
1236 5583 1349 5640 domino
1372 5584 1461 5655 legato
1475 5583 1590 5654 jubente
1612 5579 1890 5653 atque'prrccipientc
1911 5594 1931 5634 a

288 5683 384 5739 babuit
399 5698 461 5738 curn
474 5681 505 5737 B.
520 5683 580 5738 viro
597 5681 735 5752 Steplranu
749 5678 830 5735 Pater
843 5678 979 5747 amabilis,
993 5691 1077 5760 causa
1135 5688 1208 5735 terra
1223 5676 1397 5745 ciuitatum-ct
1413 5692 1461 5748 per
1473 5677 1622 5733 clatrstrum
1645 5690 1707 5730 enm
1721 5685 1821 5744 maqna
1841 5672 1927 5727 denu-

287 5793 395 5849 tnagnae
410 5776 551 5849 religionis
564 5775 775 5832 ctlrunrilitatis.
799 5794 809 5827 ι
823 5770 901 5830 Nrrnc
910 5790 975 5831 seru
988 5776 1011 5831 si
1025 5776 1082 5846 pla·
1135 5771 1209 5825 tinne
1233 5770 1327 5852 cercis
1341 5770 1499 5826 ardentibus
1517 5780 1544 5826 et
1567 5766 1715 5834 thuribulis
1728 5763 1927 5837 inminentibus

287 5879 344 5939 oct,
355 5870 528 5938 l‘atcrbone,
544 5869 685 5928 luunntner
703 5878 730 5925 et
745 5868 798 5941 piis
813 5868 938 5941 precibus
951 5868 1083 5941 denisque
1135 5874 1268 5937 portans,
1290 5863 1394 5937 populo
1418 5865 1585 5936 precedente
1603 5872 1630 5921 et
1654 5862 1847 5932 subsequente,
1862 5870 1927 5914 cutm
1993 5859 2002 5872 '

317 6028 382 6104 ‘lidi
398 6030 473 6088 0biit
484 6046 556 6089 arno
574 6030 642 6088 libb
657 6029 726 6104 apud
737 6029 908 6087 Clrainoncm
921 6028 1043 6103 sepultus
1059 6028 1089 6085 ia
1104 6026 1220 6087 eeclesia
1234 6023 1329 6082 lautis
1342 6017 1490 6082 lilrrddi‘·
1511 6068 1516 6079 .
