<?xml version="1.0" encoding="UTF-8"?>
<!DOCTYPE html PUBLIC "-//W3C//DTD XHTML 1.0 Transitional//EN"
    "http://www.w3.org/TR/xhtml1/DTD/xhtml1-transitional.dtd">
<html xmlns="http://www.w3.org/1999/xhtml" xml:lang="en" lang="en">
 <head>
  <title>
</title>
<meta http-equiv="Content-Type" content="text/html;charset=utf-8" />
  <meta name='ocr-system' content='tesseract 3.04.00' />
  <meta name='ocr-capabilities' content='ocr_page ocr_carea ocr_par ocr_line ocrx_word'/>
</head>
<body>
  <div class='ocr_page' id='page_1' title='image "./patrologiaecurs97unkngoog/patrologiaecurs97unkngoog_0693.png"; bbox 0 0 4584 6767; ppageno 0'>
   <div class='ocr_carea' id='block_1_1' title="bbox 352 601 1993 675">
    <p class='ocr_par' dir='ltr' id='par_1_1' title="bbox 352 601 1993 675">
     <span class='ocr_line' id='line_1_1' title="bbox 352 601 1993 675; baseline 0 -1"><span class='ocrx_word' id='word_1_1' title='bbox 352 601 423 675; x_wconf 79' lang='lat' dir='ltr'>rasi</span> <span class='ocrx_word' id='word_1_2' title='bbox 990 615 1189 675; x_wconf 70' lang='lat' dir='ltr'>cucumeris</span> <span class='ocrx_word' id='word_1_3' title='bbox 1206 615 1241 672; x_wconf 89' lang='lat' dir='ltr'>nr</span> <span class='ocrx_word' id='word_1_4' title='bbox 1259 616 1362 673; x_wconf 71' lang='lat' dir='ltr'>rere</span> <span class='ocrx_word' id='word_1_5' title='bbox 1935 617 1993 674; x_wconf 85' lang='lat' dir='ltr'>raas</span> 
     </span>
    </p>
   </div>
   <div class='ocr_carea' id='block_1_2' title="bbox 348 727 1993 1099">
    <p class='ocr_par' dir='ltr' id='par_1_2' title="bbox 351 727 1637 806">
     <span class='ocr_line' id='line_1_2' title="bbox 351 727 1637 806; baseline -0.005 -16"><span class='ocrx_word' id='word_1_6' title='bbox 351 731 478 805; x_wconf 87' lang='lat' dir='ltr'>partibus</span> <span class='ocrx_word' id='word_1_7' title='bbox 488 731 648 806; x_wconf 54' lang='lat' dir='ltr'>anglicanis</span> <span class='ocrx_word' id='word_1_8' title='bbox 669 732 778 790; x_wconf 87' lang='lat' dir='ltr'>obtines</span> <span class='ocrx_word' id='word_1_9' title='bbox 792 735 964 805; x_wconf 84' lang='lat' dir='ltr'>ampliorem,</span> <span class='ocrx_word' id='word_1_10' title='bbox 978 739 1055 787; x_wconf 88' lang='lat' dir='ltr'>tanto</span> <span class='ocrx_word' id='word_1_11' title='bbox 1066 731 1145 788; x_wconf 89' lang='lat' dir='ltr'>decet</span> <span class='ocrx_word' id='word_1_12' title='bbox 1159 746 1183 801; x_wconf 67' lang='lat' dir='ltr'>,e</span> <span class='ocrx_word' id='word_1_13' title='bbox 1301 745 1306 754; x_wconf 90' lang='lat'><em>·</em></span> <span class='ocrx_word' id='word_1_14' title='bbox 1544 727 1637 785; x_wconf 78' lang='lat' dir='ltr'>li&#39;ill.</span> 
     </span>
    </p>

    <p class='ocr_par' dir='ltr' id='par_1_3' title="bbox 349 821 1993 987">
     <span class='ocr_line' id='line_1_3' title="bbox 349 821 1993 913; baseline -0.005 -33"><span class='ocrx_word' id='word_1_15' title='bbox 349 824 512 880; x_wconf 78' lang='lat' dir='ltr'>charitatem</span> <span class='ocrx_word' id='word_1_16' title='bbox 529 831 604 878; x_wconf 90' lang='lat' dir='ltr'>tuam</span> <span class='ocrx_word' id='word_1_17' title='bbox 617 821 783 893; x_wconf 71' lang='lat' dir='ltr'>vigilantiori</span> <span class='ocrx_word' id='word_1_18' title='bbox 806 822 898 879; x_wconf 87' lang='lat' dir='ltr'>studio</span> <span class='ocrx_word' id='word_1_19' title='bbox 923 838 938 877; x_wconf 91' lang='lat' dir='ltr'>a</span> <span class='ocrx_word' id='word_1_20' title='bbox 954 821 1141 892; x_wconf 84' lang='lat' dir='ltr'>subjectorum</span> <span class='ocrx_word' id='word_1_21' title='bbox 1194 840 1356 897; x_wconf 56' lang='lat' dir='ltr'>cumam,</span> <span class='ocrx_word' id='word_1_22' title='bbox 1371 842 1493 913; x_wconf 50' lang='lat' dir='ltr'>,pium</span> <span class='ocrx_word' id='word_1_23' title='bbox 1508 840 1618 898; x_wconf 53' lang='lat' dir='ltr'>gem,</span> <span class='ocrx_word' id='word_1_24' title='bbox 1634 842 1775 898; x_wconf 54' lang='lat' dir='ltr'>mmm</span> <span class='ocrx_word' id='word_1_25' title='bbox 1791 842 1823 901; x_wconf 58' lang='grc' dir='ltr'>Ι,</span> <span class='ocrx_word' id='word_1_26' title='bbox 1847 854 1942 900; x_wconf 61' lang='lat' dir='ltr'>m„</span> <span class='ocrx_word' id='word_1_27' title='bbox 1952 844 1993 901; x_wconf 54' lang='lat'>3,</span> 
     </span>
     <span class='ocr_line' id='line_1_4' title="bbox 349 907 1777 987; baseline -0.004 -14"><span class='ocrx_word' id='word_1_28' title='bbox 349 915 461 987; x_wconf 84' lang='lat' dir='ltr'>injuriis</span> <span class='ocrx_word' id='word_1_29' title='bbox 472 915 514 971; x_wconf 88' lang='lat' dir='ltr'>rel</span> <span class='ocrx_word' id='word_1_30' title='bbox 530 913 755 985; x_wconf 75' lang='lat' dir='ltr'>oppressionibus</span> <span class='ocrx_word' id='word_1_31' title='bbox 767 922 931 985; x_wconf 86' lang='lat' dir='ltr'>temperare,</span> <span class='ocrx_word' id='word_1_32' title='bbox 947 922 985 979; x_wconf 87' lang='lat' dir='ltr'>et,</span> <span class='ocrx_word' id='word_1_33' title='bbox 1009 912 1052 968; x_wconf 91' lang='lat' dir='ltr'>bis</span> <span class='ocrx_word' id='word_1_34' title='bbox 1066 920 1143 981; x_wconf 87' lang='lat' dir='ltr'>post-</span> <span class='ocrx_word' id='word_1_35' title='bbox 1442 913 1502 967; x_wconf 80' lang='lat' dir='ltr'>sirii</span> <span class='ocrx_word' id='word_1_36' title='bbox 1525 912 1607 968; x_wconf 82' lang='lat' dir='ltr'>sitam</span> <span class='ocrx_word' id='word_1_37' title='bbox 1622 914 1738 970; x_wconf 80' lang='lat' dir='ltr'>asserit.</span> <span class='ocrx_word' id='word_1_38' title='bbox 1771 907 1777 916; x_wconf 87' lang='lat'>&#39;</span> 
     </span>
    </p>

    <p class='ocr_par' dir='ltr' id='par_1_4' title="bbox 348 1003 1816 1099">
     <span class='ocr_line' id='line_1_5' title="bbox 348 1003 1816 1099; baseline -0.007 -34"><span class='ocrx_word' id='word_1_39' title='bbox 348 1003 447 1082; x_wconf 87' lang='lat' dir='ltr'>positis</span> <span class='ocrx_word' id='word_1_40' title='bbox 463 1005 649 1079; x_wconf 72' lang='lat' dir='ltr'>cneiustitiae</span> <span class='ocrx_word' id='word_1_41' title='bbox 660 1004 890 1077; x_wconf 77' lang='lat' dir='ltr'>pulchritudinem</span> <span class='ocrx_word' id='word_1_42' title='bbox 904 1003 1064 1061; x_wconf 73' lang='lat' dir='ltr'>decolorant</span> <span class='ocrx_word' id='word_1_43' title='bbox 1074 1003 1153 1070; x_wconf 76' lang='lat' dir='ltr'>odo·¹</span> <span class='ocrx_word' id='word_1_44' title='bbox 1372 1027 1435 1097; x_wconf 44' lang='grc' dir='ltr'><strong>(ΑΡ.</strong></span> <span class='ocrx_word' id='word_1_45' title='bbox 1452 1023 1482 1082; x_wconf 46' lang='grc' dir='ltr'>ς,</span> <span class='ocrx_word' id='word_1_46' title='bbox 1496 1024 1651 1094; x_wconf 49' lang='lat' dir='ltr'>omum,</span> <span class='ocrx_word' id='word_1_47' title='bbox 1664 1025 1729 1084; x_wconf 48' lang='lat' dir='ltr'>m·</span> <span class='ocrx_word' id='word_1_48' title='bbox 1750 1026 1816 1099; x_wconf 41' lang='grc' dir='ltr'>ᾖ.)</span> 
     </span>
    </p>
   </div>
   <div class='ocr_carea' id='block_1_3' title="bbox 249 1094 1992 5904">
    <p class='ocr_par' dir='ltr' id='par_1_5' title="bbox 249 1094 1992 5745">
     <span class='ocr_line' id='line_1_6' title="bbox 347 1094 1855 1215; baseline -0.005 -58"><span class='ocrx_word' id='word_1_49' title='bbox 347 1113 463 1171; x_wconf 74' lang='lat' dir='ltr'>remque</span> <span class='ocrx_word' id='word_1_50' title='bbox 480 1099 560 1154; x_wconf 87' lang='lat' dir='ltr'>bonae</span> <span class='ocrx_word' id='word_1_51' title='bbox 579 1095 719 1167; x_wconf 73' lang='lat' dir='ltr'>opinionis</span> <span class='ocrx_word' id='word_1_52' title='bbox 733 1095 923 1167; x_wconf 71' lang='lat' dir='ltr'>exstinguunt,</span> <span class='ocrx_word' id='word_1_53' title='bbox 954 1094 1140 1151; x_wconf 90' lang='lat' dir='ltr'>obedientiam</span> <span class='ocrx_word' id='word_1_54' title='bbox 1347 1138 1468 1197; x_wconf 47' lang='lat' dir='ltr'>Um!</span> <span class='ocrx_word' id='word_1_55' title='bbox 1494 1138 1580 1196; x_wconf 55' lang='lat' dir='ltr'>ma</span> <span class='ocrx_word' id='word_1_56' title='bbox 1604 1158 1683 1196; x_wconf 62' lang='lat' dir='ltr'>“m</span> <span class='ocrx_word' id='word_1_57' title='bbox 1705 1139 1739 1195; x_wconf 72' lang='lat' dir='ltr'><em>m</em></span> <span class='ocrx_word' id='word_1_58' title='bbox 1768 1140 1855 1215; x_wconf 63' lang='lat' dir='ltr'>w]</span> 
     </span>
     <span class='ocr_line' id='line_1_7' title="bbox 275 1181 1836 1259; baseline -0.008 -10"><span class='ocrx_word' id='word_1_59' title='bbox 275 1211 278 1216; x_wconf 92' lang='lat'>·</span> <span class='ocrx_word' id='word_1_60' title='bbox 346 1202 375 1248; x_wconf 86' lang='lat' dir='ltr'>et</span> <span class='ocrx_word' id='word_1_61' title='bbox 389 1190 572 1249; x_wconf 80' lang='lat' dir='ltr'>reverentiam</span> <span class='ocrx_word' id='word_1_62' title='bbox 584 1189 703 1247; x_wconf 88' lang='lat' dir='ltr'>debitam</span> <span class='ocrx_word' id='word_1_63' title='bbox 726 1188 879 1259; x_wconf 78' lang='lat' dir='ltr'>maioribus</span> <span class='ocrx_word' id='word_1_64' title='bbox 892 1186 1033 1243; x_wconf 77' lang='lat' dir='ltr'>exbibete.</span> <span class='ocrx_word' id='word_1_65' title='bbox 1062 1183 1142 1243; x_wconf 88' lang='lat' dir='ltr'>iinde</span> <span class='ocrx_word' id='word_1_66' title='bbox 1471 1181 1479 1208; x_wconf 83' lang='lat'>&#39;</span> <span class='ocrx_word' id='word_1_67' title='bbox 1684 1181 1693 1208; x_wconf 82' lang='grc'><em>’</em></span> <span class='ocrx_word' id='word_1_68' title='bbox 1742 1181 1753 1210; x_wconf 81' lang='grc'><strong><em>’</em></strong></span> <span class='ocrx_word' id='word_1_69' title='bbox 1827 1182 1836 1197; x_wconf 87' lang='grc'><em>“</em></span> 
     </span>
     <span class='ocr_line' id='line_1_8' title="bbox 347 1273 1992 1357; baseline -0.005 -16"><span class='ocrx_word' id='word_1_70' title='bbox 347 1301 404 1341; x_wconf 91' lang='lat' dir='ltr'>non</span> <span class='ocrx_word' id='word_1_71' title='bbox 424 1283 581 1340; x_wconf 87' lang='lat' dir='ltr'>sineeausa</span> <span class='ocrx_word' id='word_1_72' title='bbox 602 1282 749 1351; x_wconf 88' lang='lat' dir='ltr'>miramur,</span> <span class='ocrx_word' id='word_1_73' title='bbox 760 1282 846 1354; x_wconf 84' lang='lat' dir='ltr'>qood,</span> <span class='ocrx_word' id='word_1_74' title='bbox 859 1283 931 1338; x_wconf 88' lang='lat' dir='ltr'>sicut</span> <span class='ocrx_word' id='word_1_75' title='bbox 945 1281 1025 1337; x_wconf 89' lang='lat' dir='ltr'>nobis</span> <span class='ocrx_word' id='word_1_76' title='bbox 1039 1295 1140 1352; x_wconf 90' lang='lat' dir='ltr'>propo-</span> <span class='ocrx_word' id='word_1_77' title='bbox 1226 1273 1353 1357; x_wconf 80' lang='lat' dir='ltr'>Cerasus</span> <span class='ocrx_word' id='word_1_78' title='bbox 1377 1274 1535 1346; x_wconf 91' lang='lat' dir='ltr'>episeopus,</span> <span class='ocrx_word' id='word_1_79' title='bbox 1561 1281 1659 1330; x_wconf 80' lang='lat' dir='ltr'>sersus</span> <span class='ocrx_word' id='word_1_80' title='bbox 1690 1289 1843 1332; x_wconf 86' lang='lat' dir='ltr'>serrorom</span> <span class='ocrx_word' id='word_1_81' title='bbox 1869 1276 1933 1343; x_wconf 82' lang='lat' dir='ltr'>itai.</span> <span class='ocrx_word' id='word_1_82' title='bbox 1948 1293 1992 1338; x_wconf 68' lang='lat' dir='ltr'>aa</span> 
     </span>
     <span class='ocr_line' id='line_1_9' title="bbox 346 1362 1991 1446; baseline -0.001 -15"><span class='ocrx_word' id='word_1_83' title='bbox 346 1376 434 1443; x_wconf 83' lang='lat' dir='ltr'>uitur,</span> <span class='ocrx_word' id='word_1_84' title='bbox 454 1383 518 1446; x_wconf 85' lang='lat' dir='ltr'>post</span> <span class='ocrx_word' id='word_1_85' title='bbox 542 1374 751 1445; x_wconf 73' lang='lat' dir='ltr'>appeliationem</span> <span class='ocrx_word' id='word_1_86' title='bbox 775 1373 810 1430; x_wconf 90' lang='lat' dir='ltr'>ad</span> <span class='ocrx_word' id='word_1_87' title='bbox 839 1372 932 1429; x_wconf 67' lang='lat' dir='ltr'>amem</span> <span class='ocrx_word' id='word_1_88' title='bbox 958 1373 1140 1443; x_wconf 88' lang='lat' dir='ltr'>apostolicam</span> <span class='ocrx_word' id='word_1_89' title='bbox 1191 1366 1307 1422; x_wconf 74' lang='lat' dir='ltr'>delebili</span> <span class='ocrx_word' id='word_1_90' title='bbox 1323 1364 1404 1420; x_wconf 68' lang='lat' dir='ltr'>inniti</span> <span class='ocrx_word' id='word_1_91' title='bbox 1425 1364 1595 1420; x_wconf 67' lang='lat' dir='ltr'>Genuum</span> <span class='ocrx_word' id='word_1_92' title='bbox 1623 1362 1726 1422; x_wconf 71' lang='lat' dir='ltr'>Senen-</span> <span class='ocrx_word' id='word_1_93' title='bbox 1742 1367 1899 1441; x_wconf 80' lang='lat' dir='ltr'>episeopo,</span> <span class='ocrx_word' id='word_1_94' title='bbox 1920 1373 1991 1444; x_wconf 74' lang='lat' dir='ltr'>clas·</span> 
     </span>
     <span class='ocr_line' id='line_1_10' title="bbox 344 1456 1988 1536; baseline 0 -17"><span class='ocrx_word' id='word_1_95' title='bbox 344 1464 457 1534; x_wconf 69' lang='lat' dir='ltr'>laeum,</span> <span class='ocrx_word' id='word_1_96' title='bbox 470 1464 588 1521; x_wconf 81' lang='lat' dir='ltr'>etbonae</span> <span class='ocrx_word' id='word_1_97' title='bbox 601 1463 742 1520; x_wconf 81' lang='lat' dir='ltr'>memoriae</span> <span class='ocrx_word' id='word_1_98' title='bbox 752 1461 855 1519; x_wconf 89' lang='lat' dir='ltr'>llrbani</span> <span class='ocrx_word' id='word_1_99' title='bbox 866 1461 1080 1534; x_wconf 71' lang='lat' dir='ltr'>predecessoris</span> <span class='ocrx_word' id='word_1_100' title='bbox 1090 1475 1141 1517; x_wconf 92' lang='lat' dir='ltr'>no·</span> <span class='ocrx_word' id='word_1_101' title='bbox 1190 1473 1245 1528; x_wconf 87' lang='lat' dir='ltr'>que</span> <span class='ocrx_word' id='word_1_102' title='bbox 1267 1456 1477 1514; x_wconf 86' lang='lat' dir='ltr'>successoribus</span> <span class='ocrx_word' id='word_1_103' title='bbox 1496 1456 1631 1525; x_wconf 84' lang='lat' dir='ltr'>canonice</span> <span class='ocrx_word' id='word_1_104' title='bbox 1649 1458 1858 1518; x_wconf 85' lang='lat' dir='ltr'>substituendis</span> <span class='ocrx_word' id='word_1_105' title='bbox 1875 1462 1907 1519; x_wconf 83' lang='lat' dir='ltr'>la</span> <span class='ocrx_word' id='word_1_106' title='bbox 1928 1478 1988 1536; x_wconf 81' lang='lat' dir='ltr'>par·</span> 
     </span>
     <span class='ocr_line' id='line_1_11' title="bbox 344 1553 1312 1628; baseline -0.008 -15"><span class='ocrx_word' id='word_1_107' title='bbox 344 1558 395 1613; x_wconf 90' lang='lat' dir='ltr'>stri</span> <span class='ocrx_word' id='word_1_108' title='bbox 405 1556 628 1628; x_wconf 85' lang='lat' dir='ltr'>prohibitionem,</span> <span class='ocrx_word' id='word_1_109' title='bbox 641 1555 709 1612; x_wconf 89' lang='lat' dir='ltr'>adeo</span> <span class='ocrx_word' id='word_1_110' title='bbox 717 1554 792 1611; x_wconf 83' lang='lat' dir='ltr'>circa</span> <span class='ocrx_word' id='word_1_111' title='bbox 803 1569 880 1610; x_wconf 78' lang='lat' dir='ltr'>norae</span> <span class='ocrx_word' id='word_1_112' title='bbox 892 1553 1002 1624; x_wconf 70' lang='lat' dir='ltr'>capelle</span> <span class='ocrx_word' id='word_1_113' title='bbox 1013 1562 1140 1608; x_wconf 90' lang='lat' dir='ltr'>constru·</span> <span class='ocrx_word' id='word_1_114' title='bbox 1190 1560 1312 1621; x_wconf 89' lang='lat' dir='ltr'>petuum.</span> 
     </span>
     <span class='ocr_line' id='line_1_12' title="bbox 345 1637 1992 1721; baseline 0.001 -18"><span class='ocrx_word' id='word_1_115' title='bbox 345 1647 465 1703; x_wconf 88' lang='lat' dir='ltr'>ctiotrem</span> <span class='ocrx_word' id='word_1_116' title='bbox 479 1655 507 1703; x_wconf 88' lang='lat' dir='ltr'>et</span> <span class='ocrx_word' id='word_1_117' title='bbox 526 1646 578 1703; x_wconf 92' lang='lat' dir='ltr'>alia</span> <span class='ocrx_word' id='word_1_118' title='bbox 595 1646 682 1702; x_wconf 88' lang='lat' dir='ltr'>nrulta</span> <span class='ocrx_word' id='word_1_119' title='bbox 708 1661 808 1703; x_wconf 92' lang='lat' dir='ltr'>manus</span> <span class='ocrx_word' id='word_1_120' title='bbox 823 1655 886 1702; x_wconf 92' lang='lat' dir='ltr'>tuas</span> <span class='ocrx_word' id='word_1_121' title='bbox 910 1644 937 1701; x_wconf 92' lang='lat' dir='ltr'>in</span> <span class='ocrx_word' id='word_1_122' title='bbox 953 1643 1076 1700; x_wconf 79' lang='lat' dir='ltr'>eeclesiae</span> <span class='ocrx_word' id='word_1_123' title='bbox 1089 1642 1139 1699; x_wconf 91' lang='lat' dir='ltr'>tibi</span> <span class='ocrx_word' id='word_1_124' title='bbox 1225 1642 1372 1699; x_wconf 82' lang='lat' dir='ltr'>Communi</span> <span class='ocrx_word' id='word_1_125' title='bbox 1399 1654 1428 1699; x_wconf 91' lang='lat' dir='ltr'>et</span> <span class='ocrx_word' id='word_1_126' title='bbox 1449 1642 1562 1715; x_wconf 83' lang='lat' dir='ltr'>speciali</span> <span class='ocrx_word' id='word_1_127' title='bbox 1571 1642 1668 1701; x_wconf 31' lang='lat' dir='ltr'>*debito</span> <span class='ocrx_word' id='word_1_128' title='bbox 1695 1645 1751 1702; x_wconf 86' lang='lat' dir='ltr'>tois</span> <span class='ocrx_word' id='word_1_129' title='bbox 1776 1637 1914 1719; x_wconf 61' lang='lat' dir='ltr'>sosium</span> <span class='ocrx_word' id='word_1_130' title='bbox 1928 1650 1992 1721; x_wconf 83' lang='lat' dir='ltr'>pcd-</span> 
     </span>
     <span class='ocr_line' id='line_1_13' title="bbox 344 1732 1990 1814; baseline 0.002 -19"><span class='ocrx_word' id='word_1_131' title='bbox 344 1736 630 1795; x_wconf 79' lang='lat' dir='ltr'>commissaeiratrum</span> <span class='ocrx_word' id='word_1_132' title='bbox 657 1737 799 1794; x_wconf 89' lang='lat' dir='ltr'>molestias</span> <span class='ocrx_word' id='word_1_133' title='bbox 819 1732 986 1809; x_wconf 65' lang='lat' dir='ltr'>aggravasti,</span> <span class='ocrx_word' id='word_1_134' title='bbox 1015 1743 1045 1791; x_wconf 94' lang='lat' dir='ltr'>ot</span> <span class='ocrx_word' id='word_1_135' title='bbox 1069 1733 1138 1790; x_wconf 90' lang='lat' dir='ltr'>nibil</span> <span class='ocrx_word' id='word_1_136' title='bbox 1189 1735 1310 1791; x_wconf 88' lang='lat' dir='ltr'>tionibus</span> <span class='ocrx_word' id='word_1_137' title='bbox 1319 1735 1550 1801; x_wconf 85' lang='lat' dir='ltr'>eorrdeseendere,</span> <span class='ocrx_word' id='word_1_138' title='bbox 1573 1745 1602 1793; x_wconf 89' lang='lat' dir='ltr'>et</span> <span class='ocrx_word' id='word_1_139' title='bbox 1623 1736 1750 1796; x_wconf 76' lang='lat' dir='ltr'>esseron</span> <span class='ocrx_word' id='word_1_140' title='bbox 1765 1754 1930 1814; x_wconf 70' lang='lat' dir='ltr'>conmm</span> <span class='ocrx_word' id='word_1_141' title='bbox 1952 1744 1990 1799; x_wconf 83' lang='lat' dir='ltr'>is-</span> 
     </span>
     <span class='ocr_line' id='line_1_14' title="bbox 343 1825 1989 1904; baseline 0.003 -21"><span class='ocrx_word' id='word_1_142' title='bbox 343 1829 387 1885; x_wconf 90' lang='lat' dir='ltr'>eis</span> <span class='ocrx_word' id='word_1_143' title='bbox 396 1829 431 1885; x_wconf 92' lang='lat' dir='ltr'>de</span> <span class='ocrx_word' id='word_1_144' title='bbox 448 1829 617 1899; x_wconf 71' lang='lat' dir='ltr'>interpositae</span> <span class='ocrx_word' id='word_1_145' title='bbox 631 1828 824 1899; x_wconf 85' lang='lat' dir='ltr'>appellationis</span> <span class='ocrx_word' id='word_1_146' title='bbox 838 1825 961 1884; x_wconf 88' lang='lat' dir='ltr'>remedio</span> <span class='ocrx_word' id='word_1_147' title='bbox 971 1825 1135 1894; x_wconf 88' lang='lat' dir='ltr'>accessisse,</span> <span class='ocrx_word' id='word_1_148' title='bbox 1189 1825 1313 1896; x_wconf 76' lang='lat' dir='ltr'>dulgere,</span> <span class='ocrx_word' id='word_1_149' title='bbox 1327 1834 1356 1881; x_wconf 89' lang='lat' dir='ltr'>ot</span> <span class='ocrx_word' id='word_1_150' title='bbox 1368 1826 1416 1895; x_wconf 82' lang='lat' dir='ltr'>oui</span> <span class='ocrx_word' id='word_1_151' title='bbox 1430 1835 1554 1882; x_wconf 87' lang='lat' dir='ltr'>tenerum</span> <span class='ocrx_word' id='word_1_152' title='bbox 1567 1828 1711 1885; x_wconf 72' lang='lat' dir='ltr'>universos</span> <span class='ocrx_word' id='word_1_153' title='bbox 1724 1828 1752 1883; x_wconf 88' lang='lat' dir='ltr'>in</span> <span class='ocrx_word' id='word_1_154' title='bbox 1771 1828 1835 1886; x_wconf 86' lang='lat' dir='ltr'>suis</span> <span class='ocrx_word' id='word_1_155' title='bbox 1846 1830 1937 1902; x_wconf 77' lang='lat' dir='ltr'>lastis</span> <span class='ocrx_word' id='word_1_156' title='bbox 1946 1847 1989 1904; x_wconf 88' lang='lat' dir='ltr'>pa·</span> 
     </span>
     <span class='ocr_line' id='line_1_15' title="bbox 342 1907 1989 1991; baseline 0.003 -16"><span class='ocrx_word' id='word_1_157' title='bbox 342 1918 442 1989; x_wconf 87' lang='lat' dir='ltr'>procui</span> <span class='ocrx_word' id='word_1_158' title='bbox 459 1919 532 1974; x_wconf 90' lang='lat' dir='ltr'>ratio</span> <span class='ocrx_word' id='word_1_159' title='bbox 540 1918 612 1989; x_wconf 84' lang='lat' dir='ltr'>juris</span> <span class='ocrx_word' id='word_1_160' title='bbox 626 1919 793 1989; x_wconf 81' lang='lat' dir='ltr'>expostulat,</span> <span class='ocrx_word' id='word_1_161' title='bbox 805 1907 1031 1989; x_wconf 58' lang='lat' dir='ltr'>calimarcense</span> <span class='ocrx_word' id='word_1_162' title='bbox 1046 1924 1074 1970; x_wconf 91' lang='lat' dir='ltr'>to</span> <span class='ocrx_word' id='word_1_163' title='bbox 1087 1915 1138 1970; x_wconf 82' lang='lat' dir='ltr'>iro·</span> <span class='ocrx_word' id='word_1_164' title='bbox 1189 1915 1384 1972; x_wconf 86' lang='lat' dir='ltr'>stolationibus</span> <span class='ocrx_word' id='word_1_165' title='bbox 1396 1917 1538 1986; x_wconf 80' lang='lat' dir='ltr'>exaudire,</span> <span class='ocrx_word' id='word_1_166' title='bbox 1551 1927 1627 1974; x_wconf 88' lang='lat' dir='ltr'>tanto</span> <span class='ocrx_word' id='word_1_167' title='bbox 1643 1919 1692 1975; x_wconf 89' lang='lat' dir='ltr'>tibi</span> <span class='ocrx_word' id='word_1_168' title='bbox 1705 1920 1831 1991; x_wconf 87' lang='lat' dir='ltr'>amplius</span> <span class='ocrx_word' id='word_1_169' title='bbox 1844 1921 1989 1980; x_wconf 75' lang='lat' dir='ltr'>stam</span> 
     </span>
     <span class='ocr_line' id='line_1_16' title="bbox 343 2006 1988 2081; baseline 0.006 -17"><span class='ocrx_word' id='word_1_170' title='bbox 343 2008 405 2064; x_wconf 86' lang='lat' dir='ltr'>nori</span> <span class='ocrx_word' id='word_1_171' title='bbox 420 2019 603 2065; x_wconf 74' lang='lat' dir='ltr'>sacrosanctae</span> <span class='ocrx_word' id='word_1_172' title='bbox 625 2006 755 2066; x_wconf 83' lang='lat' dir='ltr'>llomauae</span> <span class='ocrx_word' id='word_1_173' title='bbox 767 2007 898 2066; x_wconf 73' lang='lat' dir='ltr'>Ecclesiae</span> <span class='ocrx_word' id='word_1_174' title='bbox 910 2008 1008 2064; x_wconf 90' lang='lat' dir='ltr'>matris</span> <span class='ocrx_word' id='word_1_175' title='bbox 1032 2006 1138 2063; x_wconf 85' lang='lat' dir='ltr'>tuaevi·</span> <span class='ocrx_word' id='word_1_176' title='bbox 1188 2021 1250 2063; x_wconf 88' lang='lat' dir='ltr'>esse</span> <span class='ocrx_word' id='word_1_177' title='bbox 1263 2007 1387 2078; x_wconf 90' lang='lat' dir='ltr'>propitii,</span> <span class='ocrx_word' id='word_1_178' title='bbox 1402 2020 1546 2081; x_wconf 78' lang='lat' dir='ltr'>quantote</span> <span class='ocrx_word' id='word_1_179' title='bbox 1568 2019 1596 2067; x_wconf 91' lang='lat' dir='ltr'>et</span> <span class='ocrx_word' id='word_1_180' title='bbox 1614 2010 1767 2069; x_wconf 73' lang='lat' dir='ltr'>Ecclesiam</span> <span class='ocrx_word' id='word_1_181' title='bbox 1789 2013 1841 2071; x_wconf 86' lang='lat' dir='ltr'>tibi</span> <span class='ocrx_word' id='word_1_182' title='bbox 1858 2018 1988 2074; x_wconf 58' lang='lat' dir='ltr'>mrem</span> 
     </span>
     <span class='ocr_line' id='line_1_17' title="bbox 343 2094 1985 2184; baseline 0.003 -30"><span class='ocrx_word' id='word_1_183' title='bbox 343 2101 446 2168; x_wconf 73' lang='lat' dir='ltr'>dearls,</span> <span class='ocrx_word' id='word_1_184' title='bbox 460 2108 542 2172; x_wconf 87' lang='lat' dir='ltr'>prout</span> <span class='ocrx_word' id='word_1_185' title='bbox 563 2099 696 2170; x_wconf 85' lang='lat' dir='ltr'>oportuit,</span> <span class='ocrx_word' id='word_1_186' title='bbox 713 2097 853 2175; x_wconf 81' lang='lat' dir='ltr'>detulisse.</span> <span class='ocrx_word' id='word_1_187' title='bbox 874 2095 951 2154; x_wconf 84' lang='lat' dir='ltr'>Licet</span> <span class='ocrx_word' id='word_1_188' title='bbox 966 2105 1058 2152; x_wconf 89' lang='lat' dir='ltr'>autern</span> <span class='ocrx_word' id='word_1_189' title='bbox 1072 2111 1136 2167; x_wconf 93' lang='lat' dir='ltr'>pro·</span> <span class='ocrx_word' id='word_1_190' title='bbox 1153 2094 1174 2154; x_wconf 87' lang='lat' dir='ltr'>tt</span> <span class='ocrx_word' id='word_1_191' title='bbox 1189 2109 1248 2150; x_wconf 89' lang='lat' dir='ltr'>sam</span> <span class='ocrx_word' id='word_1_192' title='bbox 1271 2096 1466 2154; x_wconf 70' lang='lat' dir='ltr'>abundantiori</span> <span class='ocrx_word' id='word_1_193' title='bbox 1488 2099 1630 2184; x_wconf 68' lang='lat' dir='ltr'>diligimus</span> <span class='ocrx_word' id='word_1_194' title='bbox 1645 2102 1794 2160; x_wconf 78' lang='lat' dir='ltr'>charitate.</span> <span class='ocrx_word' id='word_1_195' title='bbox 1823 2102 1985 2177; x_wconf 55' lang='lat' dir='ltr'>Eaproptm</span> 
     </span>
     <span class='ocr_line' id='line_1_18' title="bbox 344 2183 1987 2267; baseline 0.004 -20"><span class='ocrx_word' id='word_1_196' title='bbox 344 2192 466 2262; x_wconf 90' lang='lat' dir='ltr'>positum</span> <span class='ocrx_word' id='word_1_197' title='bbox 480 2192 561 2248; x_wconf 88' lang='lat' dir='ltr'>nobis</span> <span class='ocrx_word' id='word_1_198' title='bbox 578 2192 743 2248; x_wconf 75' lang='lat' dir='ltr'>fraternitati</span> <span class='ocrx_word' id='word_1_199' title='bbox 760 2202 824 2257; x_wconf 84' lang='lat' dir='ltr'>tuae,</span> <span class='ocrx_word' id='word_1_200' title='bbox 842 2197 976 2261; x_wconf 86' lang='lat' dir='ltr'>quantum</span> <span class='ocrx_word' id='word_1_201' title='bbox 997 2197 1060 2245; x_wconf 86' lang='lat' dir='ltr'>cutn</span> <span class='ocrx_word' id='word_1_202' title='bbox 1078 2187 1134 2245; x_wconf 86' lang='lat' dir='ltr'>beo</span> <span class='ocrx_word' id='word_1_203' title='bbox 1188 2187 1355 2244; x_wconf 70' lang='lat' dir='ltr'>concubitis</span> <span class='ocrx_word' id='word_1_204' title='bbox 1368 2188 1397 2244; x_wconf 88' lang='lat' dir='ltr'>in</span> <span class='ocrx_word' id='word_1_205' title='bbox 1407 2187 1521 2246; x_wconf 82' lang='lat' dir='ltr'>Cirristo</span> <span class='ocrx_word' id='word_1_206' title='bbox 1536 2190 1631 2261; x_wconf 88' lang='lat' dir='ltr'>irater,</span> <span class='ocrx_word' id='word_1_207' title='bbox 1647 2183 1704 2250; x_wconf 81' lang='lat' dir='ltr'>tuis</span> <span class='ocrx_word' id='word_1_208' title='bbox 1716 2193 1805 2266; x_wconf 76' lang='lat' dir='ltr'>lastis</span> <span class='ocrx_word' id='word_1_209' title='bbox 1823 2195 1987 2267; x_wconf 84' lang='lat' dir='ltr'>postulatic-</span> 
     </span>
     <span class='ocr_line' id='line_1_19' title="bbox 342 2275 1985 2354; baseline 0.004 -15"><span class='ocrx_word' id='word_1_210' title='bbox 342 2281 665 2354; x_wconf 86' lang='lat' dir='ltr'>possumus,deiereodi,</span> <span class='ocrx_word' id='word_1_211' title='bbox 682 2291 867 2353; x_wconf 89' lang='lat' dir='ltr'>etpersonam</span> <span class='ocrx_word' id='word_1_212' title='bbox 894 2288 971 2337; x_wconf 90' lang='lat' dir='ltr'>tuam</span> <span class='ocrx_word' id='word_1_213' title='bbox 992 2280 1020 2336; x_wconf 94' lang='lat' dir='ltr'>in</span> <span class='ocrx_word' id='word_1_214' title='bbox 1045 2279 1136 2337; x_wconf 89' lang='lat' dir='ltr'>omni·</span> <span class='ocrx_word' id='word_1_215' title='bbox 1188 2275 1271 2333; x_wconf 86' lang='lat' dir='ltr'>nibus</span> <span class='ocrx_word' id='word_1_216' title='bbox 1282 2288 1361 2350; x_wconf 75' lang='lat' dir='ltr'>prato</span> <span class='ocrx_word' id='word_1_217' title='bbox 1373 2292 1571 2339; x_wconf 87' lang='lat' dir='ltr'>concurrentes</span> <span class='ocrx_word' id='word_1_218' title='bbox 1583 2298 1698 2342; x_wconf 88' lang='lat' dir='ltr'>assensu</span> <span class='ocrx_word' id='word_1_219' title='bbox 1709 2285 1860 2343; x_wconf 88' lang='lat' dir='ltr'>ecclesiam</span> <span class='ocrx_word' id='word_1_220' title='bbox 1870 2282 1901 2344; x_wconf 87' lang='lat' dir='ltr'>in</span> <span class='ocrx_word' id='word_1_221' title='bbox 1912 2287 1985 2345; x_wconf 82' lang='grc' dir='ltr'><strong>Ιοι·</strong></span> 
     </span>
     <span class='ocr_line' id='line_1_20' title="bbox 340 2365 1985 2446; baseline 0.005 -19"><span class='ocrx_word' id='word_1_222' title='bbox 340 2372 395 2429; x_wconf 88' lang='lat' dir='ltr'>bus</span> <span class='ocrx_word' id='word_1_223' title='bbox 404 2388 465 2444; x_wconf 77' lang='lat' dir='ltr'>nuae</span> <span class='ocrx_word' id='word_1_224' title='bbox 475 2388 509 2429; x_wconf 83' lang='lat' dir='ltr'>ex</span> <span class='ocrx_word' id='word_1_225' title='bbox 522 2373 614 2429; x_wconf 89' lang='lat' dir='ltr'>oilieio</span> <span class='ocrx_word' id='word_1_226' title='bbox 624 2373 705 2430; x_wconf 89' lang='lat' dir='ltr'>nobis</span> <span class='ocrx_word' id='word_1_227' title='bbox 716 2373 880 2430; x_wconf 87' lang='lat' dir='ltr'>incumbunt</span> <span class='ocrx_word' id='word_1_228' title='bbox 893 2371 1072 2428; x_wconf 87' lang='lat' dir='ltr'>statuerimus</span> <span class='ocrx_word' id='word_1_229' title='bbox 1082 2370 1135 2427; x_wconf 87' lang='lat' dir='ltr'>bo·</span> <span class='ocrx_word' id='word_1_230' title='bbox 1187 2365 1323 2423; x_wconf 85' lang='lat' dir='ltr'>teboniaai</span> <span class='ocrx_word' id='word_1_231' title='bbox 1345 2383 1361 2425; x_wconf 91' lang='lat' dir='ltr'>a</span> <span class='ocrx_word' id='word_1_232' title='bbox 1381 2369 1409 2426; x_wconf 89' lang='lat' dir='ltr'>b.</span> <span class='ocrx_word' id='word_1_233' title='bbox 1432 2386 1470 2426; x_wconf 94' lang='lat' dir='ltr'>m.</span> <span class='ocrx_word' id='word_1_234' title='bbox 1486 2370 1624 2444; x_wconf 82' lang='lat' dir='ltr'>ilaynerio</span> <span class='ocrx_word' id='word_1_235' title='bbox 1641 2375 1850 2445; x_wconf 82' lang='lat' dir='ltr'>praedecessore</span> <span class='ocrx_word' id='word_1_236' title='bbox 1877 2388 1937 2446; x_wconf 86' lang='lat' dir='ltr'>tuo,</span> <span class='ocrx_word' id='word_1_237' title='bbox 1960 2379 1985 2434; x_wconf 85' lang='lat' dir='ltr'>ia</span> 
     </span>
     <span class='ocr_line' id='line_1_21' title="bbox 340 2454 1984 2539; baseline 0.004 -18"><span class='ocrx_word' id='word_1_238' title='bbox 340 2466 527 2537; x_wconf 85' lang='lat' dir='ltr'>norare,quia</span> <span class='ocrx_word' id='word_1_239' title='bbox 551 2473 643 2521; x_wconf 90' lang='lat' dir='ltr'>tamen</span> <span class='ocrx_word' id='word_1_240' title='bbox 666 2466 826 2522; x_wconf 89' lang='lat' dir='ltr'>eorumdem</span> <span class='ocrx_word' id='word_1_241' title='bbox 852 2463 967 2520; x_wconf 81' lang='lat' dir='ltr'>lratmm</span> <span class='ocrx_word' id='word_1_242' title='bbox 990 2478 1135 2536; x_wconf 80' lang='lat' dir='ltr'>pressuras</span> <span class='ocrx_word' id='word_1_243' title='bbox 1186 2454 1274 2514; x_wconf 87' lang='lat' dir='ltr'>londo</span> <span class='ocrx_word' id='word_1_244' title='bbox 1289 2460 1416 2517; x_wconf 80' lang='lat' dir='ltr'>uidelicet</span> <span class='ocrx_word' id='word_1_245' title='bbox 1439 2464 1513 2534; x_wconf 87' lang='lat' dir='ltr'>quod</span> <span class='ocrx_word' id='word_1_246' title='bbox 1536 2465 1701 2535; x_wconf 68' lang='lat' dir='ltr'>bonjmem.</span> <span class='ocrx_word' id='word_1_247' title='bbox 1716 2484 1745 2539; x_wconf 83' lang='lat' dir='ltr'>q.</span> <span class='ocrx_word' id='word_1_248' title='bbox 1770 2483 1872 2532; x_wconf 83' lang='lat' dir='ltr'>comes</span> <span class='ocrx_word' id='word_1_249' title='bbox 1899 2469 1984 2527; x_wconf 74' lang='lat' dir='ltr'>(laide</span> 
     </span>
     <span class='ocr_line' id='line_1_22' title="bbox 339 2551 1984 2634; baseline 0.005 -21"><span class='ocrx_word' id='word_1_250' title='bbox 339 2557 444 2630; x_wconf 85' lang='lat' dir='ltr'>pariter</span> <span class='ocrx_word' id='word_1_251' title='bbox 458 2565 485 2613; x_wconf 89' lang='lat' dir='ltr'>et</span> <span class='ocrx_word' id='word_1_252' title='bbox 499 2557 710 2613; x_wconf 89' lang='lat' dir='ltr'>elamoreseum</span> <span class='ocrx_word' id='word_1_253' title='bbox 728 2557 799 2612; x_wconf 90' lang='lat' dir='ltr'>bona</span> <span class='ocrx_word' id='word_1_254' title='bbox 813 2556 982 2613; x_wconf 86' lang='lat' dir='ltr'>eorrseieutia</span> <span class='ocrx_word' id='word_1_255' title='bbox 993 2557 1134 2625; x_wconf 76' lang='lat' dir='ltr'>preterire</span> <span class='ocrx_word' id='word_1_256' title='bbox 1185 2551 1324 2607; x_wconf 66' lang='lat' dir='ltr'>wttoettli</span> <span class='ocrx_word' id='word_1_257' title='bbox 1340 2552 1421 2609; x_wconf 91' lang='lat' dir='ltr'>beato</span> <span class='ocrx_word' id='word_1_258' title='bbox 1432 2553 1525 2620; x_wconf 69' lang='lat' dir='ltr'>Ptin).</span> <span class='ocrx_word' id='word_1_259' title='bbox 1544 2557 1634 2628; x_wconf 64' lang='lat' dir='ltr'>tibia</span> <span class='ocrx_word' id='word_1_260' title='bbox 1646 2559 1853 2619; x_wconf 63' lang='lat' dir='ltr'>modulationis</span> <span class='ocrx_word' id='word_1_261' title='bbox 1878 2563 1984 2634; x_wconf 64' lang='lat' dir='ltr'>pande·</span> 
     </span>
     <span class='ocr_line' id='line_1_23' title="bbox 339 2643 1983 2727; baseline 0.005 -23"><span class='ocrx_word' id='word_1_262' title='bbox 339 2648 443 2704; x_wconf 86' lang='lat' dir='ltr'>elausia</span> <span class='ocrx_word' id='word_1_263' title='bbox 460 2648 549 2705; x_wconf 89' lang='lat' dir='ltr'>oeulis</span> <span class='ocrx_word' id='word_1_264' title='bbox 560 2655 611 2704; x_wconf 89' lang='lat' dir='ltr'>trec</span> <span class='ocrx_word' id='word_1_265' title='bbox 622 2662 772 2719; x_wconf 87' lang='lat' dir='ltr'>possumus</span> <span class='ocrx_word' id='word_1_266' title='bbox 786 2661 836 2705; x_wconf 91' lang='lat' dir='ltr'>nee</span> <span class='ocrx_word' id='word_1_267' title='bbox 859 2645 1003 2714; x_wconf 84' lang='lat' dir='ltr'>debemus,</span> <span class='ocrx_word' id='word_1_268' title='bbox 1032 2646 1133 2703; x_wconf 86' lang='lat' dir='ltr'>irater·</span> <span class='ocrx_word' id='word_1_269' title='bbox 1185 2643 1291 2700; x_wconf 88' lang='lat' dir='ltr'>cessuri</span> <span class='ocrx_word' id='word_1_270' title='bbox 1304 2647 1533 2706; x_wconf 75' lang='lat' dir='ltr'>nostrorldriano</span> <span class='ocrx_word' id='word_1_271' title='bbox 1559 2651 1686 2723; x_wconf 79' lang='lat' dir='ltr'>papade</span> <span class='ocrx_word' id='word_1_272' title='bbox 1708 2653 1800 2725; x_wconf 88' lang='lat' dir='ltr'>ip&#39;sius</span> <span class='ocrx_word' id='word_1_273' title='bbox 1828 2643 1983 2727; x_wconf 61' lang='lat' dir='ltr'>pretim</span> 
     </span>
     <span class='ocr_line' id='line_1_24' title="bbox 338 2735 1984 2820; baseline 0.008 -25"><span class='ocrx_word' id='word_1_274' title='bbox 338 2739 418 2797; x_wconf 83' lang='lat' dir='ltr'>nitati</span> <span class='ocrx_word' id='word_1_275' title='bbox 434 2740 537 2797; x_wconf 77' lang='lat' dir='ltr'>luade</span> <span class='ocrx_word' id='word_1_276' title='bbox 550 2740 670 2797; x_wconf 89' lang='lat' dir='ltr'>consilio</span> <span class='ocrx_word' id='word_1_277' title='bbox 683 2740 799 2795; x_wconf 82' lang='lat' dir='ltr'>teatrum</span> <span class='ocrx_word' id='word_1_278' title='bbox 824 2748 986 2796; x_wconf 86' lang='lat' dir='ltr'>nostrorum</span> <span class='ocrx_word' id='word_1_279' title='bbox 1001 2754 1052 2811; x_wconf 90' lang='lat' dir='ltr'>por</span> <span class='ocrx_word' id='word_1_280' title='bbox 1064 2752 1132 2820; x_wconf 84' lang='lat' dir='ltr'>apo·</span> <span class='ocrx_word' id='word_1_281' title='bbox 1185 2735 1259 2791; x_wconf 90' lang='lat' dir='ltr'>soris</span> <span class='ocrx_word' id='word_1_282' title='bbox 1269 2737 1357 2794; x_wconf 78' lang='lat' dir='ltr'>nostri</span> <span class='ocrx_word' id='word_1_283' title='bbox 1371 2742 1535 2798; x_wconf 88' lang='lat' dir='ltr'>auctoritate</span> <span class='ocrx_word' id='word_1_284' title='bbox 1551 2751 1580 2798; x_wconf 91' lang='lat' dir='ltr'>et</span> <span class='ocrx_word' id='word_1_285' title='bbox 1592 2748 1773 2804; x_wconf 88' lang='lat' dir='ltr'>concessione</span> <span class='ocrx_word' id='word_1_286' title='bbox 1788 2757 1984 2807; x_wconf 73' lang='lat' dir='ltr'>mastrsetara</span> 
     </span>
     <span class='ocr_line' id='line_1_25' title="bbox 338 2824 1984 2901; baseline 0.009 -17"><span class='ocrx_word' id='word_1_287' title='bbox 338 2827 436 2885; x_wconf 88' lang='lat' dir='ltr'>stoliea</span> <span class='ocrx_word' id='word_1_288' title='bbox 461 2829 562 2901; x_wconf 88' lang='lat' dir='ltr'>scripta</span> <span class='ocrx_word' id='word_1_289' title='bbox 577 2827 762 2899; x_wconf 78' lang='lat' dir='ltr'>praecipiendo</span> <span class='ocrx_word' id='word_1_290' title='bbox 783 2828 960 2895; x_wconf 84' lang='lat' dir='ltr'>mandamus,</span> <span class='ocrx_word' id='word_1_291' title='bbox 984 2835 1132 2897; x_wconf 83' lang='lat' dir='ltr'>quatenus,</span> <span class='ocrx_word' id='word_1_292' title='bbox 1184 2824 1219 2881; x_wconf 91' lang='lat' dir='ltr'>de</span> <span class='ocrx_word' id='word_1_293' title='bbox 1233 2829 1375 2885; x_wconf 88' lang='lat' dir='ltr'>communi</span> <span class='ocrx_word' id='word_1_294' title='bbox 1386 2832 1502 2887; x_wconf 90' lang='lat' dir='ltr'>oonsilio</span> <span class='ocrx_word' id='word_1_295' title='bbox 1514 2832 1630 2891; x_wconf 88' lang='lat' dir='ltr'>iratrum</span> <span class='ocrx_word' id='word_1_296' title='bbox 1643 2844 1804 2894; x_wconf 89' lang='lat' dir='ltr'>nostrorum</span> <span class='ocrx_word' id='word_1_297' title='bbox 1817 2839 1868 2896; x_wconf 92' lang='lat' dir='ltr'>tibi</span> <span class='ocrx_word' id='word_1_298' title='bbox 1884 2849 1913 2898; x_wconf 87' lang='lat' dir='ltr'>et</span> <span class='ocrx_word' id='word_1_299' title='bbox 1928 2859 1984 2900; x_wconf 89' lang='lat' dir='ltr'>sse·</span> 
     </span>
     <span class='ocr_line' id='line_1_26' title="bbox 337 2918 1984 2998; baseline 0.008 -20"><span class='ocrx_word' id='word_1_300' title='bbox 337 2920 415 2978; x_wconf 88' lang='lat' dir='ltr'>omni</span> <span class='ocrx_word' id='word_1_301' title='bbox 436 2921 654 2977; x_wconf 78' lang='lat' dir='ltr'>contradictione</span> <span class='ocrx_word' id='word_1_302' title='bbox 684 2930 712 2976; x_wconf 91' lang='lat' dir='ltr'>et</span> <span class='ocrx_word' id='word_1_303' title='bbox 733 2920 879 2976; x_wconf 74' lang='lat' dir='ltr'>occasione</span> <span class='ocrx_word' id='word_1_304' title='bbox 905 2918 1070 2991; x_wconf 87' lang='lat' dir='ltr'>postposita,</span> <span class='ocrx_word' id='word_1_305' title='bbox 1098 2934 1133 2976; x_wconf 93' lang='lat' dir='ltr'>eo</span> <span class='ocrx_word' id='word_1_306' title='bbox 1184 2918 1345 2976; x_wconf 83' lang='lat' dir='ltr'>sessoribus</span> <span class='ocrx_word' id='word_1_307' title='bbox 1367 2922 1423 2977; x_wconf 85' lang='lat' dir='ltr'>tuis</span> <span class='ocrx_word' id='word_1_308' title='bbox 1437 2923 1472 2978; x_wconf 90' lang='lat' dir='ltr'>ad</span> <span class='ocrx_word' id='word_1_309' title='bbox 1497 2927 1638 2998; x_wconf 84' lang='lat' dir='ltr'>exemplar</span> <span class='ocrx_word' id='word_1_310' title='bbox 1650 2927 1703 2998; x_wconf 83' lang='lat' dir='ltr'>pia</span> <span class='ocrx_word' id='word_1_311' title='bbox 1722 2944 1809 2986; x_wconf 87' lang='lat' dir='ltr'>mem.</span> <span class='ocrx_word' id='word_1_312' title='bbox 1833 2928 1984 2991; x_wconf 73' lang='lat' dir='ltr'>Alexandri</span> 
     </span>
     <span class='ocr_line' id='line_1_27' title="bbox 336 3005 1983 3085; baseline 0.006 -12"><span class='ocrx_word' id='word_1_313' title='bbox 336 3018 419 3073; x_wconf 85' lang='lat' dir='ltr'>etiam</span> <span class='ocrx_word' id='word_1_314' title='bbox 433 3032 489 3073; x_wconf 91' lang='lat' dir='ltr'>uon</span> <span class='ocrx_word' id='word_1_315' title='bbox 514 3017 645 3074; x_wconf 90' lang='lat' dir='ltr'>obstante</span> <span class='ocrx_word' id='word_1_316' title='bbox 658 3017 682 3073; x_wconf 87' lang='lat' dir='ltr'>si</span> <span class='ocrx_word' id='word_1_317' title='bbox 699 3024 726 3073; x_wconf 91' lang='lat' dir='ltr'>te</span> <span class='ocrx_word' id='word_1_318' title='bbox 739 3015 836 3073; x_wconf 86' lang='lat' dir='ltr'>abesse</span> <span class='ocrx_word' id='word_1_319' title='bbox 849 3012 995 3085; x_wconf 71' lang='lat' dir='ltr'>occeperit</span> <span class='ocrx_word' id='word_1_320' title='bbox 1021 3012 1056 3068; x_wconf 89' lang='lat' dir='ltr'>ab</span> <span class='ocrx_word' id='word_1_321' title='bbox 1079 3010 1132 3068; x_wconf 80' lang='lat' dir='ltr'>ilc·</span> <span class='ocrx_word' id='word_1_322' title='bbox 1183 3023 1271 3080; x_wconf 71' lang='lat' dir='ltr'>papae,</span> <span class='ocrx_word' id='word_1_323' title='bbox 1284 3015 1468 3072; x_wconf 75' lang='lat' dir='ltr'>antecessoria</span> <span class='ocrx_word' id='word_1_324' title='bbox 1483 3005 1581 3085; x_wconf 80' lang='lat' dir='ltr'>nostri,</span> <span class='ocrx_word' id='word_1_325' title='bbox 1593 3020 1773 3077; x_wconf 86' lang='lat' dir='ltr'>concedimus</span> <span class='ocrx_word' id='word_1_326' title='bbox 1788 3029 1820 3079; x_wconf 87' lang='lat' dir='ltr'>et</span> <span class='ocrx_word' id='word_1_327' title='bbox 1832 3025 1983 3082; x_wconf 77' lang='lat' dir='ltr'>masma-</span> 
     </span>
     <span class='ocr_line' id='line_1_28' title="bbox 336 3100 1981 3186; baseline 0.005 -22"><span class='ocrx_word' id='word_1_328' title='bbox 336 3109 419 3166; x_wconf 90' lang='lat' dir='ltr'>elesia</span> <span class='ocrx_word' id='word_1_329' title='bbox 435 3120 493 3172; x_wconf 87' lang='lat' dir='ltr'>tua.</span> <span class='ocrx_word' id='word_1_330' title='bbox 518 3109 653 3186; x_wconf 70' lang='lat' dir='ltr'>quidquid</span> <span class='ocrx_word' id='word_1_331' title='bbox 675 3117 736 3179; x_wconf 83' lang='lat' dir='ltr'>post</span> <span class='ocrx_word' id='word_1_332' title='bbox 758 3105 967 3179; x_wconf 89' lang='lat' dir='ltr'>appeliationem</span> <span class='ocrx_word' id='word_1_333' title='bbox 982 3104 1017 3161; x_wconf 90' lang='lat' dir='ltr'>ad</span> <span class='ocrx_word' id='word_1_334' title='bbox 1038 3104 1131 3161; x_wconf 81' lang='lat' dir='ltr'>sedem</span> <span class='ocrx_word' id='word_1_335' title='bbox 1183 3112 1264 3167; x_wconf 85' lang='lat' dir='ltr'>mus;</span> <span class='ocrx_word' id='word_1_336' title='bbox 1278 3100 1376 3159; x_wconf 89' lang='lat' dir='ltr'>dantes</span> <span class='ocrx_word' id='word_1_337' title='bbox 1388 3103 1467 3161; x_wconf 89' lang='lat' dir='ltr'>robis</span> <span class='ocrx_word' id='word_1_338' title='bbox 1485 3105 1599 3163; x_wconf 88' lang='lat' dir='ltr'>liberam</span> <span class='ocrx_word' id='word_1_339' title='bbox 1622 3107 1793 3181; x_wconf 83' lang='lat' dir='ltr'>laenitatem,</span> <span class='ocrx_word' id='word_1_340' title='bbox 1808 3113 1886 3172; x_wconf 88' lang='lat' dir='ltr'>sieut</span> <span class='ocrx_word' id='word_1_341' title='bbox 1901 3114 1981 3172; x_wconf 74' lang='lat' dir='ltr'>ledea</span> 
     </span>
     <span class='ocr_line' id='line_1_29' title="bbox 335 3189 1980 3282; baseline 0.009 -27"><span class='ocrx_word' id='word_1_342' title='bbox 335 3201 513 3270; x_wconf 67' lang='lat' dir='ltr'>apostolicam</span> <span class='ocrx_word' id='word_1_343' title='bbox 531 3200 643 3267; x_wconf 70' lang='lat' dir='ltr'>iocum,</span> <span class='ocrx_word' id='word_1_344' title='bbox 659 3200 703 3255; x_wconf 87' lang='lat' dir='ltr'>uel</span> <span class='ocrx_word' id='word_1_345' title='bbox 724 3198 936 3270; x_wconf 60' lang='lat' dir='ltr'>praedecessoris</span> <span class='ocrx_word' id='word_1_346' title='bbox 959 3197 1047 3253; x_wconf 86' lang='lat' dir='ltr'>nostri</span> <span class='ocrx_word' id='word_1_347' title='bbox 1064 3211 1130 3267; x_wconf 89' lang='lat' dir='ltr'>pro·</span> <span class='ocrx_word' id='word_1_348' title='bbox 1183 3189 1400 3259; x_wconf 68' lang='lat' dir='ltr'>predecessores</span> <span class='ocrx_word' id='word_1_349' title='bbox 1413 3198 1500 3253; x_wconf 84' lang='lat' dir='ltr'>nostri</span> <span class='ocrx_word' id='word_1_350' title='bbox 1527 3199 1637 3258; x_wconf 79' lang='lat' dir='ltr'>dedisse</span> <span class='ocrx_word' id='word_1_351' title='bbox 1663 3214 1832 3276; x_wconf 85' lang='lat' dir='ltr'>noscuntur,</span> <span class='ocrx_word' id='word_1_352' title='bbox 1851 3212 1980 3282; x_wconf 66' lang='lat' dir='ltr'>eamdem</span> 
     </span>
     <span class='ocr_line' id='line_1_30' title="bbox 334 3280 1979 3370; baseline 0.009 -25"><span class='ocrx_word' id='word_1_353' title='bbox 334 3289 497 3348; x_wconf 84' lang='lat' dir='ltr'>bibitionem</span> <span class='ocrx_word' id='word_1_354' title='bbox 511 3291 539 3344; x_wconf 94' lang='lat' dir='ltr'>in</span> <span class='ocrx_word' id='word_1_355' title='bbox 555 3305 638 3361; x_wconf 89' lang='lat' dir='ltr'>opere</span> <span class='ocrx_word' id='word_1_356' title='bbox 651 3289 762 3360; x_wconf 85' lang='lat' dir='ltr'>capellae</span> <span class='ocrx_word' id='word_1_357' title='bbox 772 3299 863 3346; x_wconf 88' lang='lat' dir='ltr'>actum</span> <span class='ocrx_word' id='word_1_358' title='bbox 877 3297 930 3356; x_wconf 87' lang='lat' dir='ltr'>est,</span> <span class='ocrx_word' id='word_1_359' title='bbox 946 3303 1002 3343; x_wconf 90' lang='lat' dir='ltr'>non</span> <span class='ocrx_word' id='word_1_360' title='bbox 1016 3286 1127 3343; x_wconf 80' lang='lat' dir='ltr'>dille-ras</span> <span class='ocrx_word' id='word_1_361' title='bbox 1182 3280 1334 3342; x_wconf 73' lang='lat' dir='ltr'>Ecclesiam</span> <span class='ocrx_word' id='word_1_362' title='bbox 1349 3288 1639 3349; x_wconf 87' lang='lat' dir='ltr'>sinecontradietione</span> <span class='ocrx_word' id='word_1_363' title='bbox 1648 3295 1770 3366; x_wconf 79' lang='lat' dir='ltr'>qualibet</span> <span class='ocrx_word' id='word_1_364' title='bbox 1780 3303 1979 3370; x_wconf 80' lang='lat' dir='ltr'>consecrandi,</span> 
     </span>
     <span class='ocr_line' id='line_1_31' title="bbox 334 3367 1979 3452; baseline 0.009 -15"><span class='ocrx_word' id='word_1_365' title='bbox 334 3380 471 3446; x_wconf 89' lang='lat' dir='ltr'>demoliri,</span> <span class='ocrx_word' id='word_1_366' title='bbox 488 3394 621 3435; x_wconf 84' lang='lat' dir='ltr'>reuocans</span> <span class='ocrx_word' id='word_1_367' title='bbox 633 3388 662 3435; x_wconf 92' lang='lat' dir='ltr'>et</span> <span class='ocrx_word' id='word_1_368' title='bbox 673 3380 813 3435; x_wconf 89' lang='lat' dir='ltr'>deducens</span> <span class='ocrx_word' id='word_1_369' title='bbox 826 3395 941 3450; x_wconf 87' lang='lat' dir='ltr'>prorsus</span> <span class='ocrx_word' id='word_1_370' title='bbox 955 3377 984 3433; x_wconf 92' lang='lat' dir='ltr'>in</span> <span class='ocrx_word' id='word_1_371' title='bbox 1007 3378 1126 3445; x_wconf 74' lang='lat' dir='ltr'>initum,</span> <span class='ocrx_word' id='word_1_372' title='bbox 1183 3383 1212 3430; x_wconf 93' lang='lat' dir='ltr'>et</span> <span class='ocrx_word' id='word_1_373' title='bbox 1223 3374 1251 3430; x_wconf 92' lang='lat' dir='ltr'>in</span> <span class='ocrx_word' id='word_1_374' title='bbox 1266 3390 1299 3432; x_wconf 88' lang='lat' dir='ltr'>ea</span> <span class='ocrx_word' id='word_1_375' title='bbox 1313 3367 1519 3451; x_wconf 79' lang='lat' dir='ltr'>elericosJusta</span> <span class='ocrx_word' id='word_1_376' title='bbox 1534 3395 1634 3442; x_wconf 77' lang='lat' dir='ltr'>restra</span> <span class='ocrx_word' id='word_1_377' title='bbox 1654 3371 1807 3447; x_wconf 80' lang='lat' dir='ltr'>uoluntatis</span> <span class='ocrx_word' id='word_1_378' title='bbox 1832 3393 1979 3452; x_wconf 71' lang='lat' dir='ltr'>arbitrium</span> 
     </span>
     <span class='ocr_line' id='line_1_32' title="bbox 334 3465 1980 3554; baseline 0.005 -28"><span class='ocrx_word' id='word_1_379' title='bbox 334 3471 468 3543; x_wconf 81' lang='lat' dir='ltr'>quidquid</span> <span class='ocrx_word' id='word_1_380' title='bbox 480 3470 514 3525; x_wconf 92' lang='lat' dir='ltr'>de</span> <span class='ocrx_word' id='word_1_381' title='bbox 525 3470 702 3527; x_wconf 89' lang='lat' dir='ltr'>instituendis</span> <span class='ocrx_word' id='word_1_382' title='bbox 714 3470 857 3527; x_wconf 86' lang='lat' dir='ltr'>canonicis</span> <span class='ocrx_word' id='word_1_383' title='bbox 871 3480 899 3527; x_wconf 91' lang='lat' dir='ltr'>st</span> <span class='ocrx_word' id='word_1_384' title='bbox 917 3470 979 3526; x_wconf 88' lang='lat' dir='ltr'>aliis</span> <span class='ocrx_word' id='word_1_385' title='bbox 990 3469 1064 3525; x_wconf 89' lang='lat' dir='ltr'>circa</span> <span class='ocrx_word' id='word_1_386' title='bbox 1080 3484 1127 3525; x_wconf 90' lang='lat' dir='ltr'>ca·</span> <span class='ocrx_word' id='word_1_387' title='bbox 1178 3465 1298 3535; x_wconf 84' lang='lat' dir='ltr'>ponendi</span> <span class='ocrx_word' id='word_1_388' title='bbox 1309 3475 1337 3523; x_wconf 94' lang='lat' dir='ltr'>et</span> <span class='ocrx_word' id='word_1_389' title='bbox 1348 3469 1434 3527; x_wconf 88' lang='lat' dir='ltr'>libere</span> <span class='ocrx_word' id='word_1_390' title='bbox 1449 3473 1613 3544; x_wconf 85' lang='lat' dir='ltr'>ordinandi;</span> <span class='ocrx_word' id='word_1_391' title='bbox 1631 3478 1829 3554; x_wconf 73' lang='lat' dir='ltr'>nonobstante</span> <span class='ocrx_word' id='word_1_392' title='bbox 1847 3494 1980 3540; x_wconf 82' lang='lat' dir='ltr'>relncta-</span> 
     </span>
     <span class='ocr_line' id='line_1_33' title="bbox 333 3556 1979 3638; baseline 0.006 -18"><span class='ocrx_word' id='word_1_393' title='bbox 333 3566 433 3638; x_wconf 89' lang='lat' dir='ltr'>pellam</span> <span class='ocrx_word' id='word_1_394' title='bbox 455 3564 556 3620; x_wconf 85' lang='lat' dir='ltr'>iactum</span> <span class='ocrx_word' id='word_1_395' title='bbox 581 3571 624 3619; x_wconf 88' lang='lat' dir='ltr'>est</span> <span class='ocrx_word' id='word_1_396' title='bbox 648 3572 675 3619; x_wconf 90' lang='lat' dir='ltr'>et</span> <span class='ocrx_word' id='word_1_397' title='bbox 702 3579 848 3636; x_wconf 85' lang='lat' dir='ltr'>perperam</span> <span class='ocrx_word' id='word_1_398' title='bbox 876 3563 1048 3619; x_wconf 84' lang='lat' dir='ltr'>innotatum.</span> <span class='ocrx_word' id='word_1_399' title='bbox 1072 3561 1127 3619; x_wconf 82' lang='lat' dir='ltr'>Eos</span> <span class='ocrx_word' id='word_1_400' title='bbox 1178 3556 1349 3629; x_wconf 83' lang='lat' dir='ltr'>tiooequam</span> <span class='ocrx_word' id='word_1_401' title='bbox 1369 3561 1700 3636; x_wconf 73' lang='lat' dir='ltr'>prelatuspraedeoessor</span> <span class='ocrx_word' id='word_1_402' title='bbox 1719 3565 1979 3636; x_wconf 70' lang='lat' dir='ltr'>noster-ildemirus</span> 
     </span>
     <span class='ocr_line' id='line_1_34' title="bbox 332 3651 1978 3731; baseline 0.004 -17"><span class='ocrx_word' id='word_1_403' title='bbox 332 3658 415 3714; x_wconf 89' lang='lat' dir='ltr'>etiam</span> <span class='ocrx_word' id='word_1_404' title='bbox 432 3656 480 3729; x_wconf 81' lang='lat' dir='ltr'>qui</span> <span class='ocrx_word' id='word_1_405' title='bbox 503 3662 564 3726; x_wconf 88' lang='lat' dir='ltr'>post</span> <span class='ocrx_word' id='word_1_406' title='bbox 582 3655 775 3713; x_wconf 85' lang='lat' dir='ltr'>inhibitionem</span> <span class='ocrx_word' id='word_1_407' title='bbox 802 3654 954 3726; x_wconf 87' lang='lat' dir='ltr'>supradicti</span> <span class='ocrx_word' id='word_1_408' title='bbox 976 3653 1128 3725; x_wconf 80' lang='lat' dir='ltr'>predeces-</span> <span class='ocrx_word' id='word_1_409' title='bbox 1177 3664 1261 3720; x_wconf 86' lang='lat' dir='ltr'>saper</span> <span class='ocrx_word' id='word_1_410' title='bbox 1278 3651 1342 3718; x_wconf 87' lang='lat' dir='ltr'>boc.</span> <span class='ocrx_word' id='word_1_411' title='bbox 1356 3653 1409 3710; x_wconf 83' lang='lat' dir='ltr'>leui</span> <span class='ocrx_word' id='word_1_412' title='bbox 1421 3665 1449 3712; x_wconf 90' lang='lat' dir='ltr'>et</span> <span class='ocrx_word' id='word_1_413' title='bbox 1462 3671 1535 3713; x_wconf 88' lang='lat' dir='ltr'>rano</span> <span class='ocrx_word' id='word_1_414' title='bbox 1548 3674 1643 3726; x_wconf 80' lang='lat' dir='ltr'>errore</span> <span class='ocrx_word' id='word_1_415' title='bbox 1662 3661 1772 3731; x_wconf 74' lang='lat' dir='ltr'>dumus,</span> <span class='ocrx_word' id='word_1_416' title='bbox 1795 3679 1829 3720; x_wconf 86' lang='lat' dir='ltr'>ea</span> <span class='ocrx_word' id='word_1_417' title='bbox 1845 3670 1978 3726; x_wconf 68' lang='lat' dir='ltr'>conside.</span> 
     </span>
     <span class='ocr_line' id='line_1_35' title="bbox 332 3740 1978 3832; baseline 0.003 -25"><span class='ocrx_word' id='word_1_418' title='bbox 332 3750 405 3807; x_wconf 87' lang='lat' dir='ltr'>soris</span> <span class='ocrx_word' id='word_1_419' title='bbox 419 3749 505 3805; x_wconf 87' lang='lat' dir='ltr'>nostri</span> <span class='ocrx_word' id='word_1_420' title='bbox 523 3748 550 3803; x_wconf 90' lang='lat' dir='ltr'>in</span> <span class='ocrx_word' id='word_1_421' title='bbox 574 3748 677 3820; x_wconf 85' lang='lat' dir='ltr'>capelia</span> <span class='ocrx_word' id='word_1_422' title='bbox 701 3748 760 3820; x_wconf 89' lang='lat' dir='ltr'>ipsa</span> <span class='ocrx_word' id='word_1_423' title='bbox 774 3747 914 3805; x_wconf 87' lang='lat' dir='ltr'>celebrare</span> <span class='ocrx_word' id='word_1_424' title='bbox 933 3748 1025 3803; x_wconf 90' lang='lat' dir='ltr'>dirina</span> <span class='ocrx_word' id='word_1_425' title='bbox 1038 3746 1127 3803; x_wconf 81' lang='lat' dir='ltr'>officia</span> <span class='ocrx_word' id='word_1_426' title='bbox 1177 3740 1284 3797; x_wconf 76' lang='lat' dir='ltr'>tntiotre</span> <span class='ocrx_word' id='word_1_427' title='bbox 1295 3741 1395 3801; x_wconf 76' lang='lat' dir='ltr'>iecisse</span> <span class='ocrx_word' id='word_1_428' title='bbox 1408 3746 1591 3817; x_wconf 73' lang='lat' dir='ltr'>dignoscitor,</span> <span class='ocrx_word' id='word_1_429' title='bbox 1613 3752 1688 3821; x_wconf 85' lang='lat' dir='ltr'>quod</span> <span class='ocrx_word' id='word_1_430' title='bbox 1716 3755 1792 3809; x_wconf 89' lang='lat' dir='ltr'>loeus</span> <span class='ocrx_word' id='word_1_431' title='bbox 1813 3755 1861 3812; x_wconf 89' lang='lat' dir='ltr'>ilie</span> <span class='ocrx_word' id='word_1_432' title='bbox 1875 3758 1907 3813; x_wconf 92' lang='lat' dir='ltr'>in</span> <span class='ocrx_word' id='word_1_433' title='bbox 1922 3761 1978 3832; x_wconf 80' lang='lat' dir='ltr'>epi-</span> 
     </span>
     <span class='ocr_line' id='line_1_36' title="bbox 332 3832 1977 3919; baseline 0.008 -24"><span class='ocrx_word' id='word_1_434' title='bbox 332 3846 578 3911; x_wconf 81' lang='lat' dir='ltr'>presumpserunt,</span> <span class='ocrx_word' id='word_1_435' title='bbox 591 3837 680 3895; x_wconf 88' lang='lat' dir='ltr'>donee</span> <span class='ocrx_word' id='word_1_436' title='bbox 690 3838 854 3911; x_wconf 67' lang='lat' dir='ltr'>condignam</span> <span class='ocrx_word' id='word_1_437' title='bbox 868 3839 948 3897; x_wconf 90' lang='lat' dir='ltr'>nobis</span> <span class='ocrx_word' id='word_1_438' title='bbox 959 3837 1127 3895; x_wconf 77' lang='lat' dir='ltr'>satisfactio·</span> <span class='ocrx_word' id='word_1_439' title='bbox 1178 3839 1292 3908; x_wconf 71' lang='lat' dir='ltr'>tttbtltt</span> <span class='ocrx_word' id='word_1_440' title='bbox 1307 3832 1468 3892; x_wconf 81' lang='lat' dir='ltr'>Florentino</span> <span class='ocrx_word' id='word_1_441' title='bbox 1475 3839 1612 3908; x_wconf 78' lang='lat' dir='ltr'>erinsistit,</span> <span class='ocrx_word' id='word_1_442' title='bbox 1623 3844 1723 3900; x_wconf 86' lang='lat' dir='ltr'>eom-ia</span> <span class='ocrx_word' id='word_1_443' title='bbox 1735 3845 1878 3918; x_wconf 72' lang='lat' dir='ltr'>pririlegio</span> <span class='ocrx_word' id='word_1_444' title='bbox 1887 3847 1977 3919; x_wconf 85' lang='lat' dir='ltr'>ipsias</span> 
     </span>
     <span class='ocr_line' id='line_1_37' title="bbox 332 3925 1977 4013; baseline 0.009 -27"><span class='ocrx_word' id='word_1_445' title='bbox 332 3944 395 3986; x_wconf 88' lang='lat' dir='ltr'>nem</span> <span class='ocrx_word' id='word_1_446' title='bbox 413 3929 571 3996; x_wconf 83' lang='lat' dir='ltr'>exhibeant,</span> <span class='ocrx_word' id='word_1_447' title='bbox 585 3929 620 3985; x_wconf 86' lang='lat' dir='ltr'>ab</span> <span class='ocrx_word' id='word_1_448' title='bbox 634 3927 725 3984; x_wconf 85' lang='lat' dir='ltr'>officio</span> <span class='ocrx_word' id='word_1_449' title='bbox 749 3938 777 3986; x_wconf 89' lang='lat' dir='ltr'>et</span> <span class='ocrx_word' id='word_1_450' title='bbox 792 3929 925 3986; x_wconf 89' lang='lat' dir='ltr'>beneticio</span> <span class='ocrx_word' id='word_1_451' title='bbox 952 3929 1055 3983; x_wconf 80' lang='lat' dir='ltr'>babeas</span> <span class='ocrx_word' id='word_1_452' title='bbox 1080 3927 1125 3981; x_wconf 92' lang='lat' dir='ltr'>in·</span> <span class='ocrx_word' id='word_1_453' title='bbox 1177 3925 1390 3994; x_wconf 70' lang='lat' dir='ltr'>predecessoris</span> <span class='ocrx_word' id='word_1_454' title='bbox 1406 3933 1494 3988; x_wconf 88' lang='lat' dir='ltr'>nostri</span> <span class='ocrx_word' id='word_1_455' title='bbox 1522 3935 1699 3993; x_wconf 85' lang='lat' dir='ltr'>contincatur</span> <span class='ocrx_word' id='word_1_456' title='bbox 1723 3937 1840 3996; x_wconf 84' lang='lat' dir='ltr'>iuadusn</span> <span class='ocrx_word' id='word_1_457' title='bbox 1854 3941 1977 4013; x_wconf 82' lang='lat' dir='ltr'>ipsnma</span> 
     </span>
     <span class='ocr_line' id='line_1_38' title="bbox 333 4017 1977 4099; baseline 0.01 -24"><span class='ocrx_word' id='word_1_458' title='bbox 333 4018 475 4075; x_wconf 88' lang='lat' dir='ltr'>terdictos.</span> <span class='ocrx_word' id='word_1_459' title='bbox 504 4017 647 4074; x_wconf 89' lang='lat' dir='ltr'>llinialros</span> <span class='ocrx_word' id='word_1_460' title='bbox 675 4017 759 4073; x_wconf 91' lang='lat' dir='ltr'>etiam</span> <span class='ocrx_word' id='word_1_461' title='bbox 782 4025 1031 4088; x_wconf 76' lang='lat' dir='ltr'>conventusquos</span> <span class='ocrx_word' id='word_1_462' title='bbox 1064 4024 1127 4087; x_wconf 88' lang='lat' dir='ltr'>post</span> <span class='ocrx_word' id='word_1_463' title='bbox 1177 4028 1330 4075; x_wconf 71' lang='lat' dir='ltr'>meinorato</span> <span class='ocrx_word' id='word_1_464' title='bbox 1345 4022 1446 4079; x_wconf 87' lang='lat' dir='ltr'>comite</span> <span class='ocrx_word' id='word_1_465' title='bbox 1473 4039 1556 4096; x_wconf 90' lang='lat' dir='ltr'>supra</span> <span class='ocrx_word' id='word_1_466' title='bbox 1581 4025 1667 4085; x_wconf 88' lang='lat' dir='ltr'>iuisse</span> <span class='ocrx_word' id='word_1_467' title='bbox 1693 4046 1872 4099; x_wconf 82' lang='lat' dir='ltr'>eorreessnm,</span> <span class='ocrx_word' id='word_1_468' title='bbox 1889 4049 1919 4093; x_wconf 90' lang='lat' dir='ltr'>et</span> <span class='ocrx_word' id='word_1_469' title='bbox 1942 4039 1977 4094; x_wconf 82' lang='lat' dir='ltr'>ab</span> 
     </span>
     <span class='ocr_line' id='line_1_39' title="bbox 333 4105 1975 4185; baseline 0.004 -21"><span class='ocrx_word' id='word_1_470' title='bbox 333 4108 545 4180; x_wconf 84' lang='lat' dir='ltr'>appeliationem</span> <span class='ocrx_word' id='word_1_471' title='bbox 559 4108 750 4180; x_wconf 87' lang='lat' dir='ltr'>interpositam</span> <span class='ocrx_word' id='word_1_472' title='bbox 766 4107 905 4174; x_wconf 79' lang='lat' dir='ltr'>amovisti,</span> <span class='ocrx_word' id='word_1_473' title='bbox 918 4121 991 4180; x_wconf 85' lang='lat' dir='ltr'>quos</span> <span class='ocrx_word' id='word_1_474' title='bbox 1013 4114 1040 4162; x_wconf 93' lang='lat' dir='ltr'>et</span> <span class='ocrx_word' id='word_1_475' title='bbox 1053 4107 1125 4162; x_wconf 90' lang='lat' dir='ltr'>idern</span> <span class='ocrx_word' id='word_1_476' title='bbox 1176 4105 1271 4161; x_wconf 88' lang='lat' dir='ltr'>eodem</span> <span class='ocrx_word' id='word_1_477' title='bbox 1290 4111 1492 4179; x_wconf 78' lang='lat' dir='ltr'>predecessore</span> <span class='ocrx_word' id='word_1_478' title='bbox 1505 4126 1602 4174; x_wconf 73' lang='lat' dir='ltr'>nomro</span> <span class='ocrx_word' id='word_1_479' title='bbox 1615 4119 1651 4176; x_wconf 89' lang='lat' dir='ltr'>ad</span> <span class='ocrx_word' id='word_1_480' title='bbox 1675 4118 1829 4180; x_wconf 77' lang='lat' dir='ltr'>Ecclesiam</span> <span class='ocrx_word' id='word_1_481' title='bbox 1845 4126 1884 4183; x_wconf 90' lang='lat' dir='ltr'>ibi</span> <span class='ocrx_word' id='word_1_482' title='bbox 1905 4141 1975 4185; x_wconf 84' lang='lat' dir='ltr'>oon.</span> 
     </span>
     <span class='ocr_line' id='line_1_40' title="bbox 331 4198 1975 4290; baseline 0.009 -33"><span class='ocrx_word' id='word_1_483' title='bbox 331 4201 519 4273; x_wconf 75' lang='lat' dir='ltr'>praedecessor</span> <span class='ocrx_word' id='word_1_484' title='bbox 529 4201 658 4268; x_wconf 88' lang='lat' dir='ltr'>restituit,</span> <span class='ocrx_word' id='word_1_485' title='bbox 672 4200 774 4256; x_wconf 87' lang='lat' dir='ltr'>babeas</span> <span class='ocrx_word' id='word_1_486' title='bbox 785 4198 937 4266; x_wconf 89' lang='lat' dir='ltr'>restitutos,</span> <span class='ocrx_word' id='word_1_487' title='bbox 952 4207 979 4255; x_wconf 92' lang='lat' dir='ltr'>et</span> <span class='ocrx_word' id='word_1_488' title='bbox 992 4214 1040 4255; x_wconf 90' lang='lat' dir='ltr'>eos</span> <span class='ocrx_word' id='word_1_489' title='bbox 1054 4205 1125 4270; x_wconf 85' lang='lat' dir='ltr'>quos</span> <span class='ocrx_word' id='word_1_490' title='bbox 1176 4199 1336 4255; x_wconf 87' lang='lat' dir='ltr'>struendam</span> <span class='ocrx_word' id='word_1_491' title='bbox 1349 4202 1403 4258; x_wconf 87' lang='lat' dir='ltr'>snb</span> <span class='ocrx_word' id='word_1_492' title='bbox 1415 4218 1509 4261; x_wconf 91' lang='lat' dir='ltr'>annuo</span> <span class='ocrx_word' id='word_1_493' title='bbox 1521 4222 1608 4266; x_wconf 89' lang='lat' dir='ltr'>censu</span> <span class='ocrx_word' id='word_1_494' title='bbox 1621 4212 1707 4267; x_wconf 83' lang='lat' dir='ltr'>unlus</span> <span class='ocrx_word' id='word_1_495' title='bbox 1719 4212 1836 4272; x_wconf 65' lang='lat' dir='ltr'>Nasabi</span> <span class='ocrx_word' id='word_1_496' title='bbox 1849 4226 1899 4282; x_wconf 82' lang='lat' dir='ltr'>tuo</span> <span class='ocrx_word' id='word_1_497' title='bbox 1908 4235 1975 4290; x_wconf 75' lang='lat' dir='ltr'>pra-</span> 
     </span>
     <span class='ocr_line' id='line_1_41' title="bbox 329 4284 1973 4380; baseline 0.012 -33"><span class='ocrx_word' id='word_1_498' title='bbox 329 4293 433 4363; x_wconf 91' lang='lat' dir='ltr'>pariter</span> <span class='ocrx_word' id='word_1_499' title='bbox 463 4300 525 4364; x_wconf 91' lang='lat' dir='ltr'>post</span> <span class='ocrx_word' id='word_1_500' title='bbox 563 4291 772 4363; x_wconf 87' lang='lat' dir='ltr'>appellationem</span> <span class='ocrx_word' id='word_1_501' title='bbox 800 4290 1044 4348; x_wconf 79' lang='lat' dir='ltr'>excommunicare</span> <span class='ocrx_word' id='word_1_502' title='bbox 1082 4289 1124 4345; x_wconf 82' lang='lat' dir='ltr'>rel</span> <span class='ocrx_word' id='word_1_503' title='bbox 1176 4284 1315 4344; x_wconf 74' lang='lat' dir='ltr'>decessori</span> <span class='ocrx_word' id='word_1_504' title='bbox 1329 4292 1472 4350; x_wconf 86' lang='lat' dir='ltr'>collatum.</span> <span class='ocrx_word' id='word_1_505' title='bbox 1495 4295 1651 4374; x_wconf 75' lang='lat' dir='ltr'>statuimus</span> <span class='ocrx_word' id='word_1_506' title='bbox 1664 4305 1856 4372; x_wconf 63' lang='lat' dir='ltr'>automatum</span> <span class='ocrx_word' id='word_1_507' title='bbox 1868 4310 1973 4380; x_wconf 74' lang='lat' dir='ltr'>petisti</span> 
     </span>
     <span class='ocr_line' id='line_1_42' title="bbox 330 4381 1973 4473; baseline 0.007 -31"><span class='ocrx_word' id='word_1_508' title='bbox 330 4384 499 4457; x_wconf 88' lang='lat' dir='ltr'>suspendere</span> <span class='ocrx_word' id='word_1_509' title='bbox 510 4384 633 4453; x_wconf 79' lang='lat' dir='ltr'>voluisti,</span> <span class='ocrx_word' id='word_1_510' title='bbox 652 4383 755 4458; x_wconf 85' lang='lat' dir='ltr'>babeas</span> <span class='ocrx_word' id='word_1_511' title='bbox 769 4382 950 4439; x_wconf 88' lang='lat' dir='ltr'>nibilominus</span> <span class='ocrx_word' id='word_1_512' title='bbox 968 4381 1122 4449; x_wconf 89' lang='lat' dir='ltr'>absolutos,</span> <span class='ocrx_word' id='word_1_513' title='bbox 1175 4384 1366 4440; x_wconf 75' lang='lat' dir='ltr'>antecessores</span> <span class='ocrx_word' id='word_1_514' title='bbox 1390 4387 1477 4443; x_wconf 87' lang='lat' dir='ltr'>nostri</span> <span class='ocrx_word' id='word_1_515' title='bbox 1502 4390 1633 4448; x_wconf 86' lang='lat' dir='ltr'>statuisse</span> <span class='ocrx_word' id='word_1_516' title='bbox 1660 4406 1829 4467; x_wconf 70' lang='lat' dir='ltr'>comuntur,</span> <span class='ocrx_word' id='word_1_517' title='bbox 1854 4410 1885 4455; x_wconf 89' lang='lat' dir='ltr'>ut</span> <span class='ocrx_word' id='word_1_518' title='bbox 1902 4403 1973 4473; x_wconf 70' lang='lat' dir='ltr'>¹quai-</span> 
     </span>
     <span class='ocr_line' id='line_1_43' title="bbox 329 4467 1972 4563; baseline 0.009 -29"><span class='ocrx_word' id='word_1_519' title='bbox 329 4467 500 4534; x_wconf 80' lang='lat' dir='ltr'>etunirersa</span> <span class='ocrx_word' id='word_1_520' title='bbox 518 4493 580 4549; x_wconf 80' lang='lat' dir='ltr'>qua</span> <span class='ocrx_word' id='word_1_521' title='bbox 601 4484 664 4548; x_wconf 91' lang='lat' dir='ltr'>post</span> <span class='ocrx_word' id='word_1_522' title='bbox 678 4474 889 4547; x_wconf 87' lang='lat' dir='ltr'>appellationem</span> <span class='ocrx_word' id='word_1_523' title='bbox 905 4472 934 4529; x_wconf 91' lang='lat' dir='ltr'>in</span> <span class='ocrx_word' id='word_1_524' title='bbox 952 4488 1047 4530; x_wconf 89' lang='lat' dir='ltr'>eorum</span> <span class='ocrx_word' id='word_1_525' title='bbox 1061 4488 1125 4543; x_wconf 77' lang='lat' dir='ltr'>gra·</span> <span class='ocrx_word' id='word_1_526' title='bbox 1175 4483 1285 4543; x_wconf 79' lang='lat' dir='ltr'>conone</span> <span class='ocrx_word' id='word_1_527' title='bbox 1298 4473 1332 4530; x_wconf 89' lang='lat' dir='ltr'>de</span> <span class='ocrx_word' id='word_1_528' title='bbox 1345 4483 1392 4532; x_wconf 90' lang='lat' dir='ltr'>tua</span> <span class='ocrx_word' id='word_1_529' title='bbox 1405 4476 1519 4536; x_wconf 73' lang='lat' dir='ltr'>dioecesi</span> <span class='ocrx_word' id='word_1_530' title='bbox 1534 4482 1569 4538; x_wconf 89' lang='lat' dir='ltr'>ad</span> <span class='ocrx_word' id='word_1_531' title='bbox 1582 4482 1674 4541; x_wconf 83' lang='lat' dir='ltr'>locum</span> <span class='ocrx_word' id='word_1_532' title='bbox 1694 4486 1772 4543; x_wconf 88' lang='lat' dir='ltr'>illurn</span> <span class='ocrx_word' id='word_1_533' title='bbox 1796 4492 1972 4563; x_wconf 78' lang='lat' dir='ltr'>mansierint,</span> 
     </span>
     <span class='ocr_line' id='line_1_44' title="bbox 329 4557 1972 4639; baseline 0.009 -15"><span class='ocrx_word' id='word_1_534' title='bbox 329 4584 427 4625; x_wconf 85' lang='lat' dir='ltr'>samen</span> <span class='ocrx_word' id='word_1_535' title='bbox 446 4578 511 4626; x_wconf 88' lang='lat' dir='ltr'>aunt</span> <span class='ocrx_word' id='word_1_536' title='bbox 529 4576 672 4636; x_wconf 89' lang='lat' dir='ltr'>attentata,</span> <span class='ocrx_word' id='word_1_537' title='bbox 688 4566 815 4623; x_wconf 80' lang='lat' dir='ltr'>videlieet</span> <span class='ocrx_word' id='word_1_538' title='bbox 828 4568 855 4621; x_wconf 94' lang='lat' dir='ltr'>in</span> <span class='ocrx_word' id='word_1_539' title='bbox 877 4566 1021 4622; x_wconf 85' lang='lat' dir='ltr'>invasione</span> <span class='ocrx_word' id='word_1_540' title='bbox 1042 4565 1123 4621; x_wconf 84' lang='lat' dir='ltr'>uilla·</span> <span class='ocrx_word' id='word_1_541' title='bbox 1175 4557 1204 4615; x_wconf 80' lang='lat' dir='ltr'>in</span> <span class='ocrx_word' id='word_1_542' title='bbox 1217 4562 1348 4620; x_wconf 72' lang='lat' dir='ltr'>uentribus</span> <span class='ocrx_word' id='word_1_543' title='bbox 1361 4566 1553 4637; x_wconf 89' lang='lat' dir='ltr'>spiritualibus</span> <span class='ocrx_word' id='word_1_544' title='bbox 1570 4573 1619 4629; x_wconf 88' lang='lat' dir='ltr'>tibi</span> <span class='ocrx_word' id='word_1_545' title='bbox 1632 4583 1739 4633; x_wconf 84' lang='lat' dir='ltr'>tantum</span> <span class='ocrx_word' id='word_1_546' title='bbox 1760 4588 1788 4634; x_wconf 90' lang='lat' dir='ltr'>et</span> <span class='ocrx_word' id='word_1_547' title='bbox 1800 4585 1972 4639; x_wconf 82' lang='lat' dir='ltr'>suecessori-</span> 
     </span>
     <span class='ocr_line' id='line_1_45' title="bbox 249 4650 1970 4746; baseline 0.007 -29"><span class='ocrx_word' id='word_1_548' title='bbox 249 4712 257 4730; x_wconf 77' lang='grc'><strong><em>,</em></strong></span> <span class='ocrx_word' id='word_1_549' title='bbox 328 4675 391 4717; x_wconf 84' lang='lat' dir='ltr'>rum</span> <span class='ocrx_word' id='word_1_550' title='bbox 418 4667 446 4714; x_wconf 87' lang='lat' dir='ltr'>ct</span> <span class='ocrx_word' id='word_1_551' title='bbox 461 4659 668 4729; x_wconf 87' lang='lat' dir='ltr'>possessionum</span> <span class='ocrx_word' id='word_1_552' title='bbox 696 4672 820 4726; x_wconf 90' lang='lat' dir='ltr'>suarum,</span> <span class='ocrx_word' id='word_1_553' title='bbox 842 4656 998 4713; x_wconf 88' lang='lat' dir='ltr'>reddituum</span> <span class='ocrx_word' id='word_1_554' title='bbox 1014 4670 1125 4728; x_wconf 81' lang='lat' dir='ltr'>quoquo</span> <span class='ocrx_word' id='word_1_555' title='bbox 1175 4650 1294 4709; x_wconf 80' lang='lat' dir='ltr'>besteis</span> <span class='ocrx_word' id='word_1_556' title='bbox 1305 4655 1610 4731; x_wconf 89' lang='lat' dir='ltr'>debeantrespondere‚</span> <span class='ocrx_word' id='word_1_557' title='bbox 1626 4676 1654 4723; x_wconf 90' lang='lat' dir='ltr'>et</span> <span class='ocrx_word' id='word_1_558' title='bbox 1676 4683 1726 4726; x_wconf 86' lang='lat' dir='ltr'>ros</span> <span class='ocrx_word' id='word_1_559' title='bbox 1741 4672 1970 4746; x_wconf 75' lang='lat' dir='ltr'>eamdemqnan</span> 
     </span>
     <span class='ocr_line' id='line_1_46' title="bbox 328 4744 1972 4831; baseline 0.006 -26"><span class='ocrx_word' id='word_1_560' title='bbox 328 4757 356 4805; x_wconf 90' lang='lat' dir='ltr'>et</span> <span class='ocrx_word' id='word_1_561' title='bbox 369 4749 500 4817; x_wconf 87' lang='lat' dir='ltr'>aliorum,</span> <span class='ocrx_word' id='word_1_562' title='bbox 513 4763 575 4819; x_wconf 79' lang='lat' dir='ltr'>quae</span> <span class='ocrx_word' id='word_1_563' title='bbox 586 4756 650 4803; x_wconf 90' lang='lat' dir='ltr'>ante</span> <span class='ocrx_word' id='word_1_564' title='bbox 669 4747 881 4819; x_wconf 89' lang='lat' dir='ltr'>appellationem</span> <span class='ocrx_word' id='word_1_565' title='bbox 904 4748 1068 4816; x_wconf 83' lang='lat' dir='ltr'>habuerant,</span> <span class='ocrx_word' id='word_1_566' title='bbox 1094 4757 1121 4805; x_wconf 92' lang='lat' dir='ltr'>et</span> <span class='ocrx_word' id='word_1_567' title='bbox 1137 4774 1159 4829; x_wconf 67' lang='grc' dir='ltr'>ὓ</span> <span class='ocrx_word' id='word_1_568' title='bbox 1174 4744 1251 4814; x_wconf 87' lang='lat' dir='ltr'>prius</span> <span class='ocrx_word' id='word_1_569' title='bbox 1270 4744 1394 4804; x_wconf 85' lang='lat' dir='ltr'>babeatis</span> <span class='ocrx_word' id='word_1_570' title='bbox 1406 4750 1433 4805; x_wconf 87' lang='lat' dir='ltr'>in</span> <span class='ocrx_word' id='word_1_571' title='bbox 1449 4751 1489 4808; x_wconf 89' lang='lat' dir='ltr'>eis</span> <span class='ocrx_word' id='word_1_572' title='bbox 1505 4756 1580 4812; x_wconf 87' lang='lat' dir='ltr'>omni</span> <span class='ocrx_word' id='word_1_573' title='bbox 1601 4759 1683 4815; x_wconf 88' lang='lat' dir='ltr'>modo</span> <span class='ocrx_word' id='word_1_574' title='bbox 1695 4769 1873 4831; x_wconf 65' lang='lat' dir='ltr'>metamus.</span> <span class='ocrx_word' id='word_1_575' title='bbox 1883 4767 1972 4826; x_wconf 56' lang='lat' dir='ltr'>ena.</span> 
     </span>
     <span class='ocr_line' id='line_1_47' title="bbox 327 4836 1970 4918; baseline -0.001 -22"><span class='ocrx_word' id='word_1_576' title='bbox 327 4838 468 4896; x_wconf 85' lang='lat' dir='ltr'>ablatione</span> <span class='ocrx_word' id='word_1_577' title='bbox 482 4837 609 4893; x_wconf 88' lang='lat' dir='ltr'>similiter</span> <span class='ocrx_word' id='word_1_578' title='bbox 617 4837 734 4892; x_wconf 90' lang='lat' dir='ltr'>aliarum</span> <span class='ocrx_word' id='word_1_579' title='bbox 750 4853 854 4906; x_wconf 84' lang='lat' dir='ltr'>rerum,</span> <span class='ocrx_word' id='word_1_580' title='bbox 869 4839 898 4894; x_wconf 92' lang='lat' dir='ltr'>in</span> <span class='ocrx_word' id='word_1_581' title='bbox 911 4847 1013 4895; x_wconf 88' lang='lat' dir='ltr'>statum</span> <span class='ocrx_word' id='word_1_582' title='bbox 1027 4838 1121 4910; x_wconf 87' lang='lat' dir='ltr'>pristi-</span> <span class='ocrx_word' id='word_1_583' title='bbox 1173 4847 1235 4889; x_wconf 77' lang='lat' dir='ltr'>ttntt</span> <span class='ocrx_word' id='word_1_584' title='bbox 1246 4836 1281 4891; x_wconf 82' lang='lat' dir='ltr'>ad</span> <span class='ocrx_word' id='word_1_585' title='bbox 1295 4837 1380 4909; x_wconf 68' lang='lat' dir='ltr'>luins</span> <span class='ocrx_word' id='word_1_586' title='bbox 1390 4850 1492 4900; x_wconf 78' lang='lat' dir='ltr'>riostrae</span> <span class='ocrx_word' id='word_1_587' title='bbox 1503 4848 1694 4907; x_wconf 62' lang='lat' dir='ltr'>concessioni.</span> <span class='ocrx_word' id='word_1_588' title='bbox 1706 4861 1733 4907; x_wconf 58' lang='grc' dir='ltr'>ῃ</span> <span class='ocrx_word' id='word_1_589' title='bbox 1747 4854 1970 4918; x_wconf 54' lang='lat' dir='ltr'>memnoflps</span> 
     </span>
     <span class='ocr_line' id='line_1_48' title="bbox 328 4924 1970 5018; baseline 0.009 -33"><span class='ocrx_word' id='word_1_590' title='bbox 328 4943 409 4995; x_wconf 86' lang='lat' dir='ltr'>num.</span> <span class='ocrx_word' id='word_1_591' title='bbox 421 4937 548 4988; x_wconf 86' lang='lat' dir='ltr'>cessante</span> <span class='ocrx_word' id='word_1_592' title='bbox 561 4926 743 4999; x_wconf 90' lang='lat' dir='ltr'>appellatione</span> <span class='ocrx_word' id='word_1_593' title='bbox 757 4936 784 4982; x_wconf 89' lang='lat' dir='ltr'>ct</span> <span class='ocrx_word' id='word_1_594' title='bbox 804 4929 1018 4985; x_wconf 85' lang='lat' dir='ltr'>contradictione</span> <span class='ocrx_word' id='word_1_595' title='bbox 1039 4930 1120 4986; x_wconf 87' lang='lat' dir='ltr'>redu·</span> <span class='ocrx_word' id='word_1_596' title='bbox 1174 4924 1305 4984; x_wconf 88' lang='lat' dir='ltr'>iodicium</span> <span class='ocrx_word' id='word_1_597' title='bbox 1320 4945 1406 4987; x_wconf 87' lang='lat' dir='ltr'>uuum</span> <span class='ocrx_word' id='word_1_598' title='bbox 1419 4933 1570 4994; x_wconf 83' lang='lat' dir='ltr'>bizantium</span> <span class='ocrx_word' id='word_1_599' title='bbox 1585 4939 1665 4997; x_wconf 86' lang='lat' dir='ltr'>nobis</span> <span class='ocrx_word' id='word_1_600' title='bbox 1677 4943 1837 5018; x_wconf 76' lang='lat' dir='ltr'>nostrisque</span> <span class='ocrx_word' id='word_1_601' title='bbox 1856 4962 1970 5007; x_wconf 62' lang='lat' dir='ltr'>anm</span> 
     </span>
     <span class='ocr_line' id='line_1_49' title="bbox 327 5016 1970 5114; baseline 0.01 -36"><span class='ocrx_word' id='word_1_602' title='bbox 327 5036 385 5080; x_wconf 76' lang='lat' dir='ltr'>tras</span> <span class='ocrx_word' id='word_1_603' title='bbox 399 5021 441 5077; x_wconf 79' lang='lat' dir='ltr'>dd</span> <span class='ocrx_word' id='word_1_604' title='bbox 466 5020 536 5090; x_wconf 84' lang='lat' dir='ltr'>baec,</span> <span class='ocrx_word' id='word_1_605' title='bbox 563 5019 629 5092; x_wconf 83' lang='lat' dir='ltr'>quia</span> <span class='ocrx_word' id='word_1_606' title='bbox 653 5017 804 5075; x_wconf 89' lang='lat' dir='ltr'>seeundum</span> <span class='ocrx_word' id='word_1_607' title='bbox 826 5016 943 5075; x_wconf 86' lang='lat' dir='ltr'>iornram</span> <span class='ocrx_word' id='word_1_608' title='bbox 961 5019 1035 5090; x_wconf 82' lang='lat' dir='ltr'>jurio</span> <span class='ocrx_word' id='word_1_609' title='bbox 1059 5031 1121 5092; x_wconf 88' lang='lat' dir='ltr'>pust</span> <span class='ocrx_word' id='word_1_610' title='bbox 1173 5018 1283 5075; x_wconf 88' lang='lat' dir='ltr'>auribus</span> <span class='ocrx_word' id='word_1_611' title='bbox 1295 5022 1377 5079; x_wconf 88' lang='lat' dir='ltr'>annis</span> <span class='ocrx_word' id='word_1_612' title='bbox 1388 5025 1507 5098; x_wconf 78' lang='lat' dir='ltr'>singulis</span> <span class='ocrx_word' id='word_1_613' title='bbox 1519 5031 1691 5100; x_wconf 81' lang='lat' dir='ltr'>persolvetis.</span> <span class='ocrx_word' id='word_1_614' title='bbox 1706 5031 1890 5096; x_wconf 58' lang='lat' dir='ltr'>&amp;ceruimus</span> <span class='ocrx_word' id='word_1_615' title='bbox 1900 5056 1970 5114; x_wconf 66' lang='lat' dir='ltr'>ergo</span> 
     </span>
     <span class='ocr_line' id='line_1_50' title="bbox 325 5109 1970 5202; baseline 0.009 -31"><span class='ocrx_word' id='word_1_616' title='bbox 325 5111 538 5186; x_wconf 88' lang='lat' dir='ltr'>appellationem</span> <span class='ocrx_word' id='word_1_617' title='bbox 561 5111 631 5168; x_wconf 78' lang='lat' dir='ltr'>nillil</span> <span class='ocrx_word' id='word_1_618' title='bbox 651 5118 695 5168; x_wconf 91' lang='lat' dir='ltr'>est</span> <span class='ocrx_word' id='word_1_619' title='bbox 717 5110 917 5178; x_wconf 83' lang='lat' dir='ltr'>innovandum,</span> <span class='ocrx_word' id='word_1_620' title='bbox 939 5110 1069 5169; x_wconf 79' lang='lat' dir='ltr'>solemus</span> <span class='ocrx_word' id='word_1_621' title='bbox 1092 5122 1120 5170; x_wconf 91' lang='lat' dir='ltr'>et</span> <span class='ocrx_word' id='word_1_622' title='bbox 1172 5116 1202 5164; x_wconf 86' lang='lat' dir='ltr'>ut</span> <span class='ocrx_word' id='word_1_623' title='bbox 1215 5109 1281 5165; x_wconf 90' lang='lat' dir='ltr'>nulli</span> <span class='ocrx_word' id='word_1_624' title='bbox 1294 5116 1562 5176; x_wconf 87' lang='lat' dir='ltr'>omninobominum</span> <span class='ocrx_word' id='word_1_625' title='bbox 1575 5122 1656 5180; x_wconf 90' lang='lat' dir='ltr'>liceat</span> <span class='ocrx_word' id='word_1_626' title='bbox 1677 5125 1749 5185; x_wconf 84' lang='lat' dir='ltr'>barac</span> <span class='ocrx_word' id='word_1_627' title='bbox 1763 5132 1895 5202; x_wconf 66' lang='lat' dir='ltr'>pagiuam</span> <span class='ocrx_word' id='word_1_628' title='bbox 1916 5151 1970 5191; x_wconf 84' lang='lat' dir='ltr'>no.</span> 
     </span>
     <span class='ocr_line' id='line_1_51' title="bbox 325 5201 1968 5294; baseline 0.015 -32"><span class='ocrx_word' id='word_1_629' title='bbox 325 5203 510 5278; x_wconf 81' lang='lat' dir='ltr'>praciplmus,</span> <span class='ocrx_word' id='word_1_630' title='bbox 524 5212 555 5260; x_wconf 89' lang='lat' dir='ltr'>ut</span> <span class='ocrx_word' id='word_1_631' title='bbox 566 5204 703 5276; x_wconf 84' lang='lat' dir='ltr'>pendente</span> <span class='ocrx_word' id='word_1_632' title='bbox 722 5201 828 5274; x_wconf 79' lang='lat' dir='ltr'>judicio</span> <span class='ocrx_word' id='word_1_633' title='bbox 850 5203 878 5258; x_wconf 87' lang='lat' dir='ltr'>in</span> <span class='ocrx_word' id='word_1_634' title='bbox 892 5203 1052 5261; x_wconf 83' lang='lat' dir='ltr'>eurumdem</span> <span class='ocrx_word' id='word_1_635' title='bbox 1063 5203 1119 5261; x_wconf 85' lang='lat' dir='ltr'>tra·</span> <span class='ocrx_word' id='word_1_636' title='bbox 1171 5206 1235 5255; x_wconf 83' lang='lat' dir='ltr'>suae</span> <span class='ocrx_word' id='word_1_637' title='bbox 1246 5207 1436 5265; x_wconf 81' lang='lat' dir='ltr'>concessionis</span> <span class='ocrx_word' id='word_1_638' title='bbox 1450 5219 1478 5265; x_wconf 86' lang='lat' dir='ltr'>et</span> <span class='ocrx_word' id='word_1_639' title='bbox 1497 5213 1717 5275; x_wconf 78' lang='lat' dir='ltr'>confirmationis</span> <span class='ocrx_word' id='word_1_640' title='bbox 1731 5217 1896 5294; x_wconf 65' lang='lat' dir='ltr'>intensae.</span> <span class='ocrx_word' id='word_1_641' title='bbox 1911 5239 1968 5286; x_wconf 78' lang='lat' dir='ltr'>ete.</span> 
     </span>
     <span class='ocr_line' id='line_1_52' title="bbox 327 5289 1735 5376; baseline 0.007 -23"><span class='ocrx_word' id='word_1_642' title='bbox 327 5304 400 5353; x_wconf 75' lang='lat' dir='ltr'>mum</span> <span class='ocrx_word' id='word_1_643' title='bbox 418 5294 613 5352; x_wconf 90' lang='lat' dir='ltr'>detrimentum</span> <span class='ocrx_word' id='word_1_644' title='bbox 637 5296 710 5350; x_wconf 89' lang='lat' dir='ltr'>eirca</span> <span class='ocrx_word' id='word_1_645' title='bbox 738 5301 840 5350; x_wconf 89' lang='lat' dir='ltr'>statum</span> <span class='ocrx_word' id='word_1_646' title='bbox 864 5295 1024 5352; x_wconf 87' lang='lat' dir='ltr'>monasterii</span> <span class='ocrx_word' id='word_1_647' title='bbox 1049 5295 1118 5354; x_wconf 85' lang='lat' dir='ltr'>nibil</span> <span class='ocrx_word' id='word_1_648' title='bbox 1170 5289 1275 5367; x_wconf 76' lang='lat' dir='ltr'>Siquos</span> <span class='ocrx_word' id='word_1_649' title='bbox 1285 5296 1378 5368; x_wconf 68' lang='lat' dir='ltr'>igitur,</span> <span class='ocrx_word' id='word_1_650' title='bbox 1394 5309 1460 5368; x_wconf 84' lang='lat' dir='ltr'>ete,</span> <span class='ocrx_word' id='word_1_651' title='bbox 1475 5302 1672 5376; x_wconf 90' lang='lat' dir='ltr'>ecclesiastiea,</span> <span class='ocrx_word' id='word_1_652' title='bbox 1681 5317 1735 5367; x_wconf 87' lang='lat' dir='ltr'>etc.</span> 
     </span>
     <span class='ocr_line' id='line_1_53' title="bbox 325 5375 1969 5479; baseline 0.007 -35"><span class='ocrx_word' id='word_1_653' title='bbox 325 5390 439 5446; x_wconf 90' lang='lat' dir='ltr'>omnino</span> <span class='ocrx_word' id='word_1_654' title='bbox 459 5397 570 5461; x_wconf 72' lang='lat' dir='ltr'>satagas</span> <span class='ocrx_word' id='word_1_655' title='bbox 591 5390 747 5446; x_wconf 77' lang='lat' dir='ltr'>insimulare.</span> <span class='ocrx_word' id='word_1_656' title='bbox 772 5375 900 5463; x_wconf 72' lang='lat' dir='ltr'>Alioquin</span> <span class='ocrx_word' id='word_1_657' title='bbox 930 5406 1012 5462; x_wconf 78' lang='lat' dir='ltr'>praue</span> <span class='ocrx_word' id='word_1_658' title='bbox 1038 5392 1118 5451; x_wconf 84' lang='lat' dir='ltr'>nobie</span> <span class='ocrx_word' id='word_1_659' title='bbox 1205 5384 1262 5458; x_wconf 68' lang='lat' dir='ltr'>liae</span> <span class='ocrx_word' id='word_1_660' title='bbox 1284 5388 1412 5448; x_wconf 82' lang='lat' dir='ltr'>Clemens</span> <span class='ocrx_word' id='word_1_661' title='bbox 1426 5390 1574 5453; x_wconf 76' lang='lat' dir='ltr'>Catholicae</span> <span class='ocrx_word' id='word_1_662' title='bbox 1591 5396 1721 5459; x_wconf 72' lang='lat' dir='ltr'>Ecclesia</span> <span class='ocrx_word' id='word_1_663' title='bbox 1740 5403 1969 5479; x_wconf 57' lang='lat' dir='ltr'>episcopussub.</span> 
     </span>
     <span class='ocr_line' id='line_1_54' title="bbox 323 5476 1277 5553; baseline 0 -20"><span class='ocrx_word' id='word_1_664' title='bbox 323 5479 453 5538; x_wconf 83' lang='lat' dir='ltr'>existeret</span> <span class='ocrx_word' id='word_1_665' title='bbox 477 5480 567 5535; x_wconf 89' lang='lat' dir='ltr'>modis</span> <span class='ocrx_word' id='word_1_666' title='bbox 581 5480 710 5536; x_wconf 86' lang='lat' dir='ltr'>omrribus</span> <span class='ocrx_word' id='word_1_667' title='bbox 732 5488 760 5536; x_wconf 92' lang='lat' dir='ltr'>et</span> <span class='ocrx_word' id='word_1_668' title='bbox 789 5480 948 5546; x_wconf 83' lang='lat' dir='ltr'>molestum,</span> <span class='ocrx_word' id='word_1_669' title='bbox 979 5496 1030 5537; x_wconf 92' lang='lat' dir='ltr'>nec</span> <span class='ocrx_word' id='word_1_670' title='bbox 1050 5496 1117 5553; x_wconf 88' lang='lat' dir='ltr'>pos·</span> <span class='ocrx_word' id='word_1_671' title='bbox 1168 5476 1277 5549; x_wconf 84' lang='lat' dir='ltr'>scripsi.</span> 
     </span>
     <span class='ocr_line' id='line_1_55' title="bbox 324 5559 1968 5652; baseline 0.012 -27"><span class='ocrx_word' id='word_1_672' title='bbox 324 5582 417 5625; x_wconf 71' lang='lat' dir='ltr'>murus</span> <span class='ocrx_word' id='word_1_673' title='bbox 440 5559 500 5625; x_wconf 86' lang='lat' dir='ltr'>sine</span> <span class='ocrx_word' id='word_1_674' title='bbox 515 5559 685 5627; x_wconf 85' lang='lat' dir='ltr'>correctione</span> <span class='ocrx_word' id='word_1_675' title='bbox 703 5569 795 5627; x_wconf 87' lang='lat' dir='ltr'>debita</span> <span class='ocrx_word' id='word_1_676' title='bbox 816 5570 1006 5644; x_wconf 76' lang='lat' dir='ltr'>equanimiter</span> <span class='ocrx_word' id='word_1_677' title='bbox 1029 5572 1115 5629; x_wconf 83' lang='lat' dir='ltr'>susti·</span> <span class='ocrx_word' id='word_1_678' title='bbox 1202 5566 1261 5638; x_wconf 78' lang='lat' dir='ltr'>Epo</span> <span class='ocrx_word' id='word_1_679' title='bbox 1274 5569 1417 5630; x_wconf 78' lang='lat' dir='ltr'>laborans</span> <span class='ocrx_word' id='word_1_680' title='bbox 1427 5576 1519 5647; x_wconf 88' lang='lat' dir='ltr'>presb.</span> <span class='ocrx_word' id='word_1_681' title='bbox 1534 5580 1611 5637; x_wconf 85' lang='lat' dir='ltr'>card.</span> <span class='ocrx_word' id='word_1_682' title='bbox 1630 5581 1740 5641; x_wconf 70' lang='lat' dir='ltr'>Sancte</span> <span class='ocrx_word' id='word_1_683' title='bbox 1750 5583 1845 5645; x_wconf 66' lang='lat' dir='ltr'>Uaria</span> <span class='ocrx_word' id='word_1_684' title='bbox 1859 5588 1968 5652; x_wconf 76' lang='lat' dir='ltr'>Tnaa.</span> 
     </span>
     <span class='ocr_line' id='line_1_56' title="bbox 324 5652 1833 5745; baseline 0 -26"><span class='ocrx_word' id='word_1_685' title='bbox 324 5674 400 5719; x_wconf 87' lang='lat' dir='ltr'>nere.</span> <span class='ocrx_word' id='word_1_686' title='bbox 1167 5652 1288 5740; x_wconf 73' lang='lat' dir='ltr'>Tiberim</span> <span class='ocrx_word' id='word_1_687' title='bbox 1304 5659 1374 5716; x_wconf 78' lang='lat' dir='ltr'>titul.</span> <span class='ocrx_word' id='word_1_688' title='bbox 1393 5662 1423 5718; x_wconf 83' lang='lat' dir='ltr'>S.</span> <span class='ocrx_word' id='word_1_689' title='bbox 1437 5664 1537 5724; x_wconf 76' lang='lat' dir='ltr'>calixti</span> <span class='ocrx_word' id='word_1_690' title='bbox 1551 5669 1713 5745; x_wconf 88' lang='lat' dir='ltr'>subscripsi.</span> <span class='ocrx_word' id='word_1_691' title='bbox 1821 5693 1833 5719; x_wconf 74' lang='lat'>0</span> 
     </span>
    </p>

    <p class='ocr_par' dir='ltr' id='par_1_6' title="bbox 359 5749 1964 5839">
     <span class='ocr_line' id='line_1_57' title="bbox 359 5749 1964 5839; baseline 0.021 -30"><span class='ocrx_word' id='word_1_692' title='bbox 359 5754 456 5810; x_wconf 81' lang='lat' dir='ltr'>datum</span> <span class='ocrx_word' id='word_1_693' title='bbox 470 5750 547 5821; x_wconf 76' lang='lat' dir='ltr'>Son,</span> <span class='ocrx_word' id='word_1_694' title='bbox 559 5769 597 5811; x_wconf 85' lang='lat' dir='ltr'>un</span> <span class='ocrx_word' id='word_1_695' title='bbox 616 5753 675 5811; x_wconf 88' lang='lat' dir='ltr'>llal.</span> <span class='ocrx_word' id='word_1_696' title='bbox 689 5753 842 5825; x_wconf 73' lang='lat' dir='ltr'>Februarii,</span> <span class='ocrx_word' id='word_1_697' title='bbox 854 5756 1004 5818; x_wconf 86' lang='lat' dir='ltr'>indictione</span> <span class='ocrx_word' id='word_1_698' title='bbox 1020 5774 1059 5816; x_wconf 87' lang='lat' dir='ltr'>rr.</span> <span class='ocrx_word' id='word_1_699' title='bbox 1197 5749 1259 5828; x_wconf 65' lang='lat'>,33⁰</span> <span class='ocrx_word' id='word_1_700' title='bbox 1278 5751 1447 5815; x_wconf 65' lang='lat' dir='ltr'>⁰0²²Vi²¹¹l⁸</span> <span class='ocrx_word' id='word_1_701' title='bbox 1461 5759 1625 5821; x_wconf 58' lang='lat' dir='ltr'>&amp;nemin</span> <span class='ocrx_word' id='word_1_702' title='bbox 1647 5765 1735 5839; x_wconf 56' lang='lat'>&amp;³85¹</span> <span class='ocrx_word' id='word_1_703' title='bbox 1755 5777 1784 5825; x_wconf 63' lang='lat'>‘⁸</span> <span class='ocrx_word' id='word_1_704' title='bbox 1811 5768 1916 5831; x_wconf 65' lang='lat' dir='ltr'>⁸²⁰⁶!ss</span> <span class='ocrx_word' id='word_1_705' title='bbox 1929 5772 1964 5833; x_wconf 71' lang='grc' dir='ltr'>ὓ·</span> 
     </span>
    </p>

    <p class='ocr_par' dir='ltr' id='par_1_7' title="bbox 1165 5844 1366 5904">
     <span class='ocr_line' id='line_1_58' title="bbox 1165 5844 1366 5904; baseline 0.02 -4"><span class='ocrx_word' id='word_1_706' title='bbox 1165 5844 1244 5900; x_wconf 79' lang='lat' dir='ltr'>eard.</span> <span class='ocrx_word' id='word_1_707' title='bbox 1257 5846 1366 5904; x_wconf 67' lang='lat' dir='ltr'>eubaea</span> 
     </span>
    </p>
   </div>
   <div class='ocr_carea' id='block_1_4' title="bbox 701 5925 1961 6115">
    <p class='ocr_par' dir='ltr' id='par_1_8' title="bbox 701 5925 1961 6115">
     <span class='ocr_line' id='line_1_59' title="bbox 701 5925 1961 6084; baseline 0.037 -110"><span class='ocrx_word' id='word_1_708' title='bbox 701 5961 735 5975; x_wconf 89' lang='lat'>..</span> <span class='ocrx_word' id='word_1_709' title='bbox 852 5925 858 5935; x_wconf 86' lang='lat'>&#39;</span> <span class='ocrx_word' id='word_1_710' title='bbox 1199 5935 1402 6084; x_wconf 39' lang='lat' dir='ltr'>&amp;enerues</span> <span class='ocrx_word' id='word_1_711' title='bbox 1415 5942 1682 6011; x_wconf 79' lang='lat' dir='ltr'>NicolaiinCaroerc</span> <span class='ocrx_word' id='word_1_712' title='bbox 1692 5953 1961 6021; x_wconf 76' lang='lat' dir='ltr'>nobiseumcara.</span> 
     </span>
     <span class='ocr_line' id='line_1_60' title="bbox 1166 6042 1274 6115; baseline -0.028 -27"><span class='ocrx_word' id='word_1_713' title='bbox 1166 6042 1274 6115; x_wconf 59' lang='lat' dir='ltr'>auser.</span> 
     </span>
    </p>
   </div>
   <div class='ocr_carea' id='block_1_5' title="bbox 0 0 2296 6767">
    <p class='ocr_par' dir='ltr' id='par_1_9' title="bbox 0 0 2296 6767">
     <span class='ocr_line' id='line_1_61' title="bbox 0 0 2296 6767; baseline 0 1"><span class='ocrx_word' id='word_1_714' title='bbox 0 0 2296 6767; x_wconf 95' lang='lat' dir='ltr'> </span> 
     </span>
    </p>
   </div>
  </div>
 </body>
</html>
