4584 6767
294 521 362 579 ιιτι
819 519 847 579 s.
869 519 1040 581 susanam
1061 524 1395 583 orianoruonrensrs
1648 495 1657 504 ’
1687 562 1690 567 ,
1831 539 1837 544 ·
1865 528 1937 589 rosi

293 641 371 697 uium
388 638 445 695 Deo
468 639 605 696 creditum
623 653 674 694 nec
694 655 738 695 res
754 639 862 709 publica
878 639 969 710 eripit,
984 655 1035 694 nec
1056 639 1086 693 ll-
1101 644 1125 701 A
1139 640 1227 708 lieret,
1247 642 1282 696 dc
1304 641 1369 699 sinu
1383 641 1472 698 Patris
1496 641 1524 696 iu
1551 648 1652 698 terram
1674 641 1828 711 descendit,
1851 645 1937 717 eique

293 746 358 788 scus
374 729 489 800 invadit,
505 745 557 786 nec
570 730 710 786 calumnia
723 730 816 802 aliqua
839 729 959 787 lorensis
976 732 1084 785 euertit.
1138 746 1247 787 omnem
1260 732 1303 788 sul
1320 732 1454 799 laborem,
1465 747 1632 805 omnemque
1645 733 1823 791 dilectionem
1838 735 1936 793 inlun-

278 818 392 880 'Sciens
408 825 490 879 edam
502 817 636 894 scriptura
650 823 796 893 essequod
809 838 841 879 ea
856 824 924 879 hene
939 813 1087 879 luereditas
1136 821 1216 889 deris,
1230 822 1331 879 bonam
1359 833 1459 880 terram
1484 823 1527 879 sui
1552 823 1645 880 cordis
1654 824 1714 896 lugi
1735 825 1814 881 cultu
1829 827 1937 883 indesi-

295 915 456 973 reconditur
471 931 533 987 quae
551 914 607 972 [leo
622 918 735 972 custode
750 926 884 972 seruatur.
900 914 988 985 Hujus
1009 930 1087 970 nam-
1138 914 1268 970 nentihus
1282 916 1420 972 exercitiis
1432 916 1581 972 excolebat.
1590 914 1624 972 Et
1634 916 1718 974 veluti
1729 918 1794 989 quis
1806 919 1937 976 esuriens

295 1022 349 1080 que
371 1008 444 1079 apud
461 1023 527 1064 suus
550 1008 656 1063 monita
675 1008 744 1062 nihil
769 1006 880 1063 luerunt
906 1006 979 1062 aliud
1001 1022 1085 1078 quam
1138 1006 1291 1074 acsitieus,
1304 1008 1344 1064 sic
1372 1009 1419 1064 ille
1431 1009 1591 1064 ariditatem
1603 1010 1752 1079 quamdam
1777 1012 1936 1082 sustineus,

232 1169 237 1176 ¹
294 1100 455 1171 magisteria
477 1098 589 1166 divina,
613 1097 791 1155 fundamenta
820 1099 926 1154 scilicet
953 1097 1082 1153 corroho-
1138 1082 1939 1175 illuderebriusPsalmistaedictumrocellehiliconque·

295 1194 390 1250 raudae
402 1192 475 1258 idei,
491 1192 660 1246 nutrimenta
674 1191 800 1248 lorendae
822 1192 932 1258 animae,
950 1191 1087 1263 guberua-
1139 1190 1252 1246 rebatur
1268 1211 1275 1247 ε
1291 1191 1358 1260 Quis
1374 1194 1449 1248 dedit
1464 1194 1529 1248 arilei
1551 1210 1651 1265 pennos
1669 1197 1739 1250 sicar
1754 1195 1900 1264 columbe,
1912 1205 1938 1251 et

296 1281 358 1337 cula
379 1280 514 1352 dirigendi
528 1281 645 1350 itineris,
662 1281 789 1352 praesidia
803 1281 958 1339 obtinendae
978 1280 1085 1337 salutis.
1140 1282 1233 1337 calebo
1247 1286 1441 1355 etrean'eseom
1453 1287 1466 1340 l
1480 1284 1568 1357 (Ριαι.
1585 1288 1653 1358 ιιι.)
1665 1287 1699 1343 Et
1710 1288 1776 1344 illud
1793 1309 1800 1345 ε
1818 1289 1938 1355 Quanam

296 1372 413 1443 Dignum
426 1386 492 1442 ergo
507 1381 550 1428 est
563 1381 594 1426 ut
606 1388 668 1427 eum
690 1373 812 1443 religiosi
831 1373 974 1429 imitentur
984 1379 1010 1427 et
1023 1371 1088 1427 dili·
1141 1375 1243 1429 oenr'om
1258 1384 1282 1428 et
1300 1379 1431 1446 apparebo
1455 1387 1516 1431 onte
1540 1378 1636 1449 sociem
1659 1378 1731 1433 bei?
1748 1379 1837 1451 (Paul.
1863 1382 1937 1449 xer.)

296 1474 371 1536 gant,
394 1463 471 1535 plebs
488 1465 572 1532 colat,
590 1466 666 1520 noxii
684 1466 812 1531 timeant,
827 1480 909 1535 quem
935 1465 972 1519 ita
995 1463 1088 1518 diuina
1140 1465 1174 1522 Et
1186 1468 1252 1523 illud
1271 1467 1426 1526 Salomonis
1445 1490 1452 1525 :
1471 1470 1536 1526 Part
1556 1481 1581 1527 te
1596 1473 1624 1527 in
1648 1472 1756 1527 odorem
1784 1483 1938 1545 unguento·

255 1597 260 1605 .
295 1560 384 1612 uirtus
397 1557 556 1623 illustrarit,
569 1566 600 1613 ut
613 1558 666 1613 suh
681 1558 770 1612 laicali
785 1559 869 1613 etiam
882 1556 976 1613 habitu
990 1556 1090 1610 lruhuc-
1141 1577 1200 1614 reru
1215 1569 1320 1614 tuorum
1342 1578 1477 1618 curremus
1493 1563 1585 1633 (Cant.
1611 1565 1642 1634 ι).
1666 1564 1753 1621 Porro
1776 1568 1939 1623 sectabatur

296 1650 333 1704 rit
347 1665 362 1705 a
376 1636 431 1705 beo
446 1651 545 1706 collata
559 1649 632 1706 dona
648 1650 857 1721 doctrinamque
880 1648 1049 1715 mellifluam,
1063 1656 1091 1702 ct
1141 1650 1168 1704 iu
1185 1651 1314 1706 omnihus
1342 1654 1585 1709 mansuetudinem
1611 1663 1639 1710 et
1667 1654 1759 1721 iidem,
1785 1671 1896 1712 necnon
1911 1666 1942 1711 et

240 1749 243 1754 ’
297 1743 400 1814 Spiritu
414 1753 511 1799 saucio
527 1744 677 1809 eonditum,
698 1744 834 1800 desiderio
850 1743 952 1822 Ciuisti
968 1743 1088 1809 salitam,
1141 1745 1303 1799 elraritatem
1318 1745 1550 1816 perlectumque
1573 1746 1725 1817 spiritualis
1740 1749 1939 1804 :calificatiouis

297 1836 340 1916 dc
353 1845 454 1892 aeterua
471 1836 642 1892 beatitudine
665 1837 823 1893 sollicitam.
840 1835 948 1907 Quique
962 1835 1003 1891 sic
1026 1834 1089 1889 reli·
1141 1846 1183 1892 est
1198 1837 1348 1892 siliculum.
1365 1835 1498 1892 studebat
1517 1855 1547 1894 sc
1563 1854 1612 1896 ras
1630 1841 1834 1895 sanctiticatam
1856 1841 1940 1897 exhi-

297 1931 393 2002 giosus
410 1930 516 1985 exstitit
531 1945 564 1985 ac
587 1930 688 1985 timeus
713 1929 811 1998 ileum,
826 1938 856 1985 ut
879 1929 971 1985 saeculi
986 1928 1089 1983 oblitus
1142 1928 1218 1995 bere,
1234 1929 1455 1984 uthabitatorem
1473 1929 1558 1985 Deum
1577 1932 1604 1986 in
1625 1932 1725 1987 mentis
1739 1948 1797 1988 suae
1812 1932 1942 2003 hospitio

297 2020 455 2092 dignitates,
470 2034 552 2077 omne
568 2022 739 2076 consortium
754 2037 816 2076 cum
832 2021 926 2093 egenis
940 2029 968 2077 et
980 1990 1127 2091 religio·B
1141 2029 1235 2090 posset
1248 2020 1378 2090 recipere.
1397 2019 1574 2078 Salutaribus
1589 2038 1699 2093 quoquc
1713 2024 1822 2079 actibus
1833 2025 1942 2095 jugiter

298 2113 337 2168 sis
350 2111 473 2167 haberet.
1140 2121 1201 2168 erat
1214 2121 1375 2180 occupatus,
1384 2120 1414 2166 ut
1423 2112 1641 2183 quotiescunque
1652 2124 1772 2170 tentator
1781 2116 1908 2170 accedere
1919 2125 1940 2172 ι.

537 2201 605 2257 lllll.
621 2201 690 2258 ltenr
701 2203 734 2259 de
746 2204 846 2259 eodem.
1141 2202 1250 2271 quoties
1277 2201 1363 2256 hostis
1388 2202 1502 2258 callidus
1523 2203 1627 2258 aditum
1642 2214 1787 2274 quereret,
1808 2206 1939 2261 clausum

334 2301 387 2358 Sed
401 2303 472 2356 inter
495 2307 592 2354 caetcra
614 2314 722 2370 semper
746 2297 898 2354 loenerahat
923 2298 1091 2370 pauperibus
1142 2309 1250 2363 semper
1278 2294 1424 2351 adversum
1454 2310 1484 2350 se
1516 2297 1634 2365 pectoris
1658 2298 1760 2352 ostium
1787 2298 1939 2353 inveniret.

297 2405 402 2463 pauper
415 2390 474 2445 sinc
486 2387 603 2455 soenore,
618 2398 645 2443 et
656 2388 747 2444 uiduis
762 2404 795 2443 ac
809 2387 920 2459 pupillis
933 2389 1092 2444 consolator
1142 2384 1247 2441 Orabat
1261 2385 1429 2456 frequenter,
1454 2388 1605 2443 secundum
1624 2387 1798 2458 Apostolum,
1814 2405 1862 2458 pro
1885 2406 1944 2444 anr-

298 2484 451 2547 existehat,
483 2482 573 2536 riduae
599 2481 730 2536 nimirum
759 2480 934 2551 Sareptensis
968 2480 1091 2535 imitator
1143 2478 1220 2533 tribus
1240 2479 1400 2541 lionriuibur,
1420 2494 1468 2547 pro
1487 2479 1602 2549 regibus,
1618 2490 1644 2533 et
1658 2482 1699 2534 hir
1714 2483 1759 2551 qui
1775 2482 1802 2534 iu
1814 2481 1942 2551 sublinu-

299 2574 361 2646 (ιιι
375 2574 437 2645 lleq.
455 2573 534 2642 reri).
548 2571 607 2643 lpse
623 2573 785 2643 plerumque
808 2573 934 2629 esuriens
948 2572 991 2628 sui
1020 2572 1092 2643 iuris
1143 2579 1198 2625 tate
1217 2579 1289 2633 seret,
1311 2579 1338 2623 ιι
1352 2569 1469 2639 quietem
1482 2577 1507 2624 et
1529 2569 1703 2641 tranquillam
1718 2572 1798 2626 ritum
1825 2581 1942 2644 agerent

298 2666 481 2725 substantiam
498 2665 600 2720 Christi
619 2666 774 2721 visceribus
796 2666 938 2735 erogabat.
964 2664 994 2721 Si
1016 2666 1092 2720 inlir··
1143 2665 1170 2718 in
1187 2664 1258 2717 orrrni
1275 2664 1372 2732 pietate
1385 2674 1409 2717 et
1433 2661 1602 2733 charitatell
1630 2662 1700 2718 Tim.
1717 2665 1759 2733 rr),
1774 2665 1877 2732 sciens,
1896 2680 1943 2721 sc-

299 2778 375 2817 inum
403 2760 527 2826 vidisset,
545 2759 695 2814 clementer
719 2760 925 2815 consolabatur.
950 2756 980 2812 Si
1002 2757 1094 2812 inlici
1143 2757 1265 2812 eundum
1283 2756 1410 2810 cumdem
1436 2755 1613 2824 apostolum,
1637 2755 1805 2813 hocbouum
1825 2772 1888 2813 esse
1913 2767 1944 2813 et

299 2851 457 2925 quempiam
477 2864 573 2906 amore
587 2848 749 2917 lerrentom,
766 2850 964 2907 cohortabatur
979 2849 1013 2905 ad
1035 2857 1092 2905 stu·
1143 2857 1287 2919 accepturu
1299 2865 1360 2903 esse
1372 2864 1460 2901 corona
1473 2845 1612 2903 Sulootore
1626 2859 1716 2904 rrostro
1733 2849 1802 2917 -bee,
1820 2852 1866 2921 qui
1882 2867 1941 2903 om-

298 2943 386 2998 dium.
399 2940 427 2996 Si
441 2941 580 3012 quispiam
594 2940 627 2995 ad
642 2953 705 2995 eum
716 2955 788 3010 aeger
800 2940 967 3005 devenisset,
982 2940 1018 2994 ita
1032 2938 1093 3008 ejus
1144 2959 1188 2997 nes
1199 2942 1317 2995 lrarninee
1332 2942 1387 2995 uult
1402 2942 1488 2993 aulem
1499 2940 1558 3010 lieri
1573 2951 1597 2997 et
1613 2943 1648 2998 ud
1669 2944 1829 3013 aperitionem
1841 2946 1942 3000 cerita-

299 3035 445 3092 lovehatur
456 3034 622 3099 ruinisterio,
639 3043 669 3088 ut
692 3048 743 3089 nec
762 3033 875 3089 delicias
905 3034 1026 3099 urbium,
1044 3048 1093 3086 nec
1145 3034 1179 3088 tir
1194 3034 1281 3087 uerrire
1293 3034 1393 3101 (ibid).

300 3128 399 3182 matris
412 3125 581 3181 desideraret
596 3123 735 3180 affectum.
749 3122 866 3177 Tantum
882 3124 976 3194 itaque
989 3123 1023 3178 ad
1041 3122 1094 3178 ob·
1313 3124 1384 3181 xlv.
1404 3126 1441 3180 be
1458 3126 1612 3181 extollentia
1626 3128 1676 3181 oiri
1687 3126 1765 3196 justi.

270 3209 274 3216 ‘
300 3218 398 3287 sequia
413 3216 544 3271 debilium
558 3230 587 3270 se
598 3230 630 3269 ex
642 3215 788 3270 devotione
804 3214 959 3281 dilluderat,
974 3223 1003 3268 ut
1015 3211 1093 3267 multi
1120 3253 1123 3258 .
1182 3216 1253 3283 Quid
1268 3218 1346 3287 plura
1364 3218 1503 3288 loquendo
1524 3219 1676 3274 immorer?
1688 3216 1716 3273 ln
1732 3220 1807 3274 omrri
1822 3235 1942 3276 conrar-

300 3324 453 3381 pauperum
469 3308 529 3363 sauri
553 3308 749 3379 languentibus
766 3307 930 3374 inviderent,
951 3316 1035 3377 atquc
1056 3305 1093 3359 ita
1108 3324 1129 3382 c
1146 3310 1253 3364 satione
1268 3324 1318 3363 sua
1345 3310 1425 3378 quasi
1457 3307 1568 3364 Lucifer
1595 3309 1666 3364 inter
1686 3318 1760 3365 astra
1785 3308 1940 3380 refulgens,

300 3401 452 3460 obChristi
473 3414 705 3465 aumremeornm
722 3397 941 3470 assiduceuraru
971 3399 1092 3467 gerebat,
1146 3402 1236 3457 instar
1264 3416 1371 3470 magna
1399 3400 1534 3470 lampadis
1563 3401 1691 3456 micabat.
1722 3400 1838 3472 Semper
1864 3402 1940 3456 euim

300 3502 332 3551 ut
347 3507 443 3548 orurres
463 3505 600 3562 pauperes
625 3505 688 3544 euru
714 3488 793 3559 quasi
808 3497 912 3559 patrem
940 3505 971 3545 se
994 3489 1095 3545 habere
1146 3491 1284 3563 perlectos
1298 3492 1480 3546 aemulabatur
1496 3492 1530 3546 ad
1547 3492 1662 3547 bonnm.
1688 3490 1856 3563 Semperque
1871 3493 1943 3547 alio·

300 3583 443 3657 proprium
457 3582 626 3637 laetarentur.
642 3579 753 3636 Sciebat
768 3581 840 3635 eninr
860 3580 933 3651 quod
947 3582 974 3637 in
990 3581 1097 3639 Lazaro
1146 3599 1208 3640 rum
1221 3583 1336 3640 uirtutes
1352 3583 1405 3638 sibi
1418 3583 1588 3653 proponebat
1603 3584 1637 3638 ad
1651 3584 1819 3654 exemplum.
1834 3583 1941 3638 Terdec

301 3674 450 3747 aliquando
472 3674 548 3729 dives
578 3683 746 3744 purpuratus
768 3688 822 3728 nou
842 3672 948 3740 lecerit,
965 3676 1096 3747 qualique
1146 3687 1206 3731 erat
1221 3674 1438 3747 adloquendum,
1462 3676 1612 3731 secuudum
1629 3676 1796 3746 apostolum,
1822 3686 1850 3731 et
1864 3675 1942 3729 relos

302 3769 420 3841 superba
436 3783 513 3822 merra
535 3765 716 3822 retributione
738 3766 866 3821 damnata
885 3766 920 3822 sit
936 3765 1014 3838 (Luc.
1026 3772 1094 3840 ιιι).
1147 3769 1182 3822 ud
1200 3768 1363 3821 erudiendum
1388 3767 1460 3835 (lac.
1477 3768 1510 3837 r),
1525 3775 1639 3837 eratque
1664 3782 1793 3823 sermone
1817 3768 1941 3833 subtilis,

301 3860 407 3919 ldcireo
426 3860 514 3932 magis
539 3875 572 3915 ae
596 3859 682 3929 magis
698 3874 762 3929 erga
778 3874 875 3915 omues
895 3875 925 3915 se
940 3860 1096 3917 misericor·
1147 3858 1303 3915 humilitate
1323 3857 1468 3917 sublimis.
1492 3857 1675 3929 eleemosynis
1699 3857 1787 3921 diros,
1806 3855 1943 3912 charitate

302 3958 364 4012 dem
378 3954 535 4020 ostendens,
552 3952 701 4008 clementer
714 3951 822 4006 miseris
835 3951 938 4021 jugiter
950 3967 1096 4007 succurre-
1147 3950 1325 4020 longanimis,
1339 3949 1405 4018 vigil
1421 3950 1449 4003 in
1461 3947 1579 4017 jejunio,
1594 3957 1738 4018 promptus
1752 3947 1875 4017 eloquio,
1895 3945 1943 4001 ds·

302 4048 359 4106 hat.
376 4047 514 4116 Quossenim
529 4045 638 4100 dolente
653 4059 707 4098 non
724 4043 821 4109 doluit,
838 4044 880 4097 ecl
896 4059 952 4113 quo
963 4054 1095 4113 pereunte
1147 4057 1232 4113 grans
1248 4041 1341 4097 studio
1369 4049 1528 4096 sanctarum
1553 4038 1769 4110 scripturarum,
1795 4053 1894 4108 nempe
1910 4046 1942 4092 ut

302 4155 359 4195 non
385 4138 508 4210 gemuit?
524 4136 610 4204 Quem
637 4138 741 4191 nudum
771 4137 812 4190 rel
831 4137 1015 4192 uerecundum
1038 4153 1095 4193 non
1146 4133 1214 4188 utile
1226 4148 1275 4186 ras
1287 4133 1314 4185 iu
1329 4130 1432 4186 Christi
1455 4132 1548 4186 domo.
1562 4130 1603 4185 Ad
1619 4131 1784 4186 miserorum
1798 4129 1941 4199 cloquium

302 4231 364 4302 ejus
377 4230 542 4287 vestimenta
557 4227 705 4283 texerunt?
726 4224 771 4279 let
786 4241 855 4295 quas
870 4241 919 4295 pro
942 4241 990 4295 spe
1016 4234 1095 4281 aeter-
1147 4239 1201 4280 uun
1219 4224 1308 4294 piger,
1324 4223 1526 4278 adorationem
1542 4230 1665 4292 paratos,
1682 4222 1716 4277 ad
1734 4223 1941 4293 eleemosynam

304 4322 399 4377 nitatis
414 4336 468 4376 non
497 4319 608 4390 pertulit
633 4318 796 4388 angustias?
818 4318 929 4371 l'anrcm
950 4318 1055 4373 scilicet
1069 4326 1097 4373 et
1147 4314 1289 4387 prulusns,
1304 4316 1337 4369 ad
1353 4314 1530 4369 tribuendum
1546 4313 1731 4384 largissimus.
1747 4312 1941 4368 mansuetudi-

303 4414 389 4471 sitim.
405 4412 434 4468 lu
446 4411 492 4468 tali
508 4412 602 4482 itaque
617 4411 761 4480 proposito
777 4424 967 4480 perseverans,
980 4408 1097 4479 praebuit
1131 4422 1211 4486 ⁴nem
1232 4406 1338 4470 colens,
1359 4413 1520 4475 paupertate
1535 4405 1613 4460 valde
1631 4405 1763 4475 gaudens,
1787 4404 1942 4458 honitatem

303 4518 333 4560 se
349 4504 376 4558 in
393 4502 516 4565 loturum
531 4516 581 4556 ras
602 4499 745 4556 electionis
770 4505 797 4552 et
817 4497 882 4551 utile
894 4495 950 4551 lleo
965 4497 998 4551 ud
1014 4509 1095 4551 omne
1149 4509 1257 4565 tenens,
1270 4498 1417 4569 puritatem
1432 4497 1525 4553 cordis
1536 4513 1644 4567 semper
1655 4498 1832 4566 amplectens,
1846 4495 1941 4549 omnia

303 4594 492 4665 opnsbonum
516 4600 654 4663 paratum.
683 4588 823 4657 llurilabat
852 4588 963 4658 quidem
993 4587 1095 4657 specie,
1149 4590 1456 4661 omuibuspraedicaus,
1482 4588 1665 4644 cuinuuluit
1692 4588 1765 4643 aliud
1779 4587 1871 4642 virere
1885 4586 1941 4641 uisi

303 4686 436 4741 robustus
450 4684 630 4739 eratrirtute.
653 4680 698 4735 Sic
714 4697 743 4735 sc
757 4680 895 4749 praebebat
911 4680 990 4749 quasi
1005 4679 1096 4748 quoti·
1111 4665 1134 4719 Ῑ)
1149 4682 1290 4738 Christum
1304 4697 1367 4737 cum
1382 4681 1528 4737 dilectione
1544 4681 1650 4743 timere,
1663 4692 1690 4734 et
1702 4693 1766 4734 cum
1783 4676 1882 4738 timore
1900 4675 1941 4730 di·

239 4809 242 4814 ·
303 4777 348 4832 die
376 4774 554 4839 irruriturum,
583 4772 687 4827 idcirco
704 4781 901 4843 repugnantem
926 4785 1037 4825 earnem
1054 4771 1097 4825 iu·
1148 4773 1281 4846 ligere.·0
1296 4790 1358 4829 vere
1372 4772 1480 4829 felicem
1503 4772 1596 4827 sacculi
1620 4771 1774 4833 inimicum,
1790 4769 1835 4824 cui
1859 4783 1941 4821 urun-

222 4925 225 4929 Α
303 4866 364 4923 edia
383 4864 558 4935 subjugabat,
570 4873 597 4917 et
609 4861 715 4917 ultricis
729 4862 862 4933 gehennae
873 4876 945 4916 saera
957 4869 1097 4916 tormenta
1147 4866 1200 4922 dus
1223 4874 1365 4936 tantopere
1389 4864 1441 4919 luit
1457 4863 1606 4918 crucillxus
1630 4872 1657 4918 et
1682 4862 1741 4931 ipse
1757 4858 1869 4914 inundo.
1885 4856 1941 4925 Qui

302 4956 484 5029 praeveniam,
501 4955 558 5026 ipse
575 4954 626 5011 sibi
637 4962 798 5024 persecutor
812 4952 946 5007 existebat
958 4960 986 5008 el
998 4960 1095 5009 tortor·
1147 4958 1186 5014 ita
1199 4958 1332 5028 sapientia
1345 4956 1451 5012 exstitit
1471 4955 1595 5026 pervigil,
1609 4953 1722 5008 leuitate
1742 4951 1896 5022 placabilis,
1911 4959 1943 5004 ut

303 5048 372 5106 Nam
388 5049 411 5104 si
427 5048 589 5105 contulisset
604 5062 666 5105 sors
683 5046 824 5118 temporis,
841 5046 969 5116 cupiebat
991 5054 1096 5118 martyr
1147 5060 1175 5107 et
1190 5050 1325 5120 serpentis
1346 5048 1477 5103 astutiam
1500 5062 1563 5102 cum
1586 5044 1754 5103 discretione
1771 5052 1888 5113 gerens,
1913 5051 1941 5095 et

304 5142 363 5198 lleri
379 5156 429 5212 pru
449 5142 560 5198 nomine
581 5139 749 5197 Conditoris.
782 5138 836 5195 Sed
859 5153 1017 5210 quanquam
1032 5154 1097 5194 cum
1148 5142 1284 5203 columbae
1303 5140 1437 5212 simplicis
1461 5140 1584 5195 animum
1610 5155 1666 5193 non
1687 5140 1833 5193 amitteret.
1851 5133 1941 5202 CuJus

303 5243 568 5306 pugnupersecutor
592 5249 656 5289 eum
685 5247 741 5288 non
763 5231 940 5297 transfixerit,
963 5232 1097 5302 quotidia·
1147 5235 1259 5307 quidem
1273 5234 1300 5288 iu
1315 5242 1406 5289 mente
1418 5232 1551 5289 virtutum
1569 5231 1693 5286 omniurn
1706 5231 1833 5286 decorem
1853 5227 1943 5283 eollo·

304 5326 435 5382 uumsihi
449 5326 537 5382 libens
551 5327 610 5397 ipse
624 5325 789 5397 martyrium
813 5323 920 5379 indixit.
935 5322 1052 5395 fuitque
1070 5324 1097 5380 ei
1147 5326 1221 5383 carit
1247 5325 1327 5381 ralde
1350 5324 1472 5380 sobrium
1501 5323 1637 5393 sapientia
1665 5321 1848 5381 domicilium,
1875 5334 1941 5373 rere

304 5414 392 5472 lanies
404 5432 455 5487 pro
473 5416 585 5488 ungula,
615 5416 676 5475 sitis
692 5431 743 5487 pro
768 5414 891 5481 damma,
916 5416 1012 5471 mundi
1026 5416 1097 5472 cala·
1147 5418 1341 5490 dignissimum
1368 5417 1396 5469 iu
1420 5431 1476 5486 quo
1490 5413 1624 5471 [lominus
1645 5414 1780 5469 habitaret
1794 5411 1939 5480 templum,

305 5508 388 5562 mites
407 5521 459 5577 pro
482 5508 590 5575 bestiis,
617 5507 782 5565 abstinentia
800 5523 852 5578 pro
880 5508 1096 5580 craticulaequi
1144 5508 1259 5580 jeiuniis
1288 5508 1432 5571 mundum,
1458 5506 1631 5562 orationihus
1657 5515 1796 5582 ornatum,
1819 5501 1940 5573 puritate

306 5596 358 5654 sub
370 5598 488 5669 imagine
513 5600 638 5671 martyrii
660 5598 743 5655 veluti
770 5607 867 5655 catena
891 5599 1004 5670 rigentis
1019 5598 1095 5667 terri,
1147 5597 1291 5663 relertum,
1305 5597 1406 5666 uigiliis
1421 5597 1613 5652 exercitatum.
1630 5595 1698 5662 Quis
1714 5595 1788 5650 enirn
1800 5603 1873 5648 essct
1899 5592 1939 5644 ita
1963 5627 1968 5632 -

306 5689 347 5747 sic
357 5688 427 5745 dura
441 5689 674 5762 legeconstrictus
686 5692 864 5761 semetipsum
876 5691 930 5749 sibi
941 5692 1095 5762 abnegarit,
1147 5689 1303 5745 obstinatus
1316 5690 1364 5759 qui
1379 5690 1439 5761 ejus
1461 5690 1624 5745 modestiam
1649 5688 1771 5750 intuens,
1788 5699 1843 5740 uon
1868 5696 1938 5738 eorr-

307 5787 336 5834 ut
349 5777 490 5835 Christum
514 5780 567 5834 sibi
589 5779 753 5837 lucrifacere
769 5788 871 5849 posset,
888 5779 964 5836 illuru
988 5781 1096 5837 desido-
1147 5781 1239 5837 testim
1257 5780 1421 5837 admirando
1435 5779 1659 5851 obstupesceret?
1671 5786 1719 5834 aut
1728 5777 1791 5845 quis
1803 5789 1940 5845 arrogans

306 5881 383 5936 raris,
399 5870 475 5926 illem
492 5870 595 5942 ingenti
616 5870 745 5926 ariditate
755 5870 862 5937 sitiens,
880 5871 928 5942 qui
940 5886 991 5943 pro
1002 5888 1096 5929 aruore
1147 5870 1270 5928 sobriam
1278 5870 1338 5940 eJus
1352 5871 1436 5925 sitam
1452 5872 1641 5937 considerans,
1657 5886 1711 5926 riou
1721 5869 1796 5925 illico
1808 5867 1841 5923 ad
1852 5866 1939 5935 aequi·

306 5955 430 6021 bominis
444 5963 527 6019 hemo
542 5960 632 6019 lactus
646 5971 698 6031 est,
721 5971 749 6018 et
763 5972 793 6018 ut
813 5977 863 6020 nes
876 5963 911 6020 ad
921 5966 1028 6037 ,celum
1044 5972 1096 6022 tra·
1146 5969 1230 6019 tatem
1245 5962 1421 6035 semetipsum
1436 5960 1630 6019 conuerteret?
1643 5960 1790 6018 Crescebat
1804 5956 1941 6019 niuriruur
