4584 6767
331 617 333 621 >
387 586 457 642 idib
903 631 906 635 Α
1009 577 1207 636 obsessus
1226 578 1259 634 ΙΙΙ
1278 579 1378 634 PAPAE
1952 580 2026 637 idid

387 693 464 763 runt,
481 706 509 754 ct
522 698 595 769 quod
612 698 728 755 ddeetus
744 697 925 753 ultusnoster
938 693 962 749 l.
984 695 1056 749 tltnli
1082 694 1177 748 Sancti
1192 702 1215 756 Λ
1264 693 1399 760 erocirea
1415 691 1577 748 fraternitati
1590 700 1686 747 vestre
1695 691 1902 762 perapnstoliea
1915 693 2024 761 scripta

318 774 320 778 ¹
387 790 496 846 Martini
508 790 650 860 presbyter
665 787 823 852 cardinalis,
839 767 996 856 aprrstnlleae
1015 784 1089 839 sedis
1105 784 1179 853 lega·
1229 784 1402 847 mandamus,
1425 792 1561 852 quatenus
1575 781 1748 847 seutentiam,
1771 798 1854 851 quam
1870 782 2026 850 predictus

388 892 444 949 tus,
466 882 538 937 sieut
557 896 590 933 ex
613 878 699 949 ipsius
726 878 823 932 litteris
849 878 955 947 plenius
982 875 1177 936 intelleximus,
1228 866 1410 945 episcopusin
1425 871 1916 943 ipsospropterbocpromulgarerit,
1931 881 2025 927 ratam

388 974 551 1029 electionem
572 971 659 1040 ipsam
689 961 853 1023 anctoritate
878 964 1035 1034 legationis,
1067 978 1120 1032 qua
1150 961 1177 1014 in
1228 968 1390 1025 habearisot
1413 968 1572 1030 lenissimos
1596 964 1861 1032 faciatis,quautum
1891 980 1920 1018 m
1940 958 2037 1020 vobis

387 1066 485 1138 Anglia
514 1064 698 1133 louqebatur,
717 1059 947 1123 eoubrmarcri23
972 1055 1178 1112 considerantes
1229 1057 1321 1120 inerit,
1341 1057 1533 1113 iuviolabiliter
1547 1055 1705 1120 obseruari,
1720 1054 1820 1127 restris
1840 1055 2026 1123 parochianis

387 1135 470 1213 eliam
482 1155 554 1224 qnod
570 1152 750 1207 Eboraeensis
760 1148 893 1214 Ecclesia,
908 1163 969 1217 qum
985 1145 1104 1215 pastoris
1115 1159 1179 1198 corr·
1228 1149 1379 1204 districtius
1400 1148 1586 1217 prorepentes,
1610 1161 1644 1201 ne
1670 1162 1733 1201 cum
1758 1146 1826 1215 ipsis
1849 1145 2026 1202 praeemines

383 1251 451 1307 silio
465 1250 569 1306 diutius
583 1247 723 1310 destituta,
738 1244 765 1298 in
781 1242 875 1297 multis
889 1258 921 1297 cx
942 1240 1049 1295 delectu
1073 1236 1176 1308 praelati
1228 1252 1398 1297 constructum
1413 1242 1541 1312 aliquem,
1554 1240 1611 1295 sino
1625 1238 1832 1295 mercimonium
1850 1239 2022 1295 contrairem

378 1329 562 1413 dispendium
579 1353 659 1408 passa
677 1334 769 1399 luerit,
782 1337 833 1403 ‘per
853 1330 1135 1404 ejussollieitndincm
1151 1338 1178 1381 et
1228 1334 1319 1403 aliqua
1335 1337 1440 1387 ratione
1456 1338 1633 1401 psaesumantt

379 1430 582 1506 potentiamad
598 1426 814 1495 statumpotcrit
825 1424 944 1494 reparari
958 1424 1109 1485 moliorem,
1123 1419 1178 1473 ele·
1264 1427 1362 1482 parum
1373 1427 1510 1493 Laterani,
1522 1443 1537 1481 v
1549 1424 1609 1481 Kal,
1620 1425 1730 1497 Aprilis,
1742 1426 1920 1496 pontificatus
1931 1423 2026 1483 noser!

376 1524 508 1579 ‘ctionem
527 1521 625 1590 ipsam,
652 1519 724 1573 sicut
743 1518 917 1573 concorditer
932 1513 1003 1568 lacta
1026 1522 1079 1574 cst,
1103 1520 1130 1566 ct
1143 1511 1178 1564 ab
1228 1506 1407 1575 annones-110⁴,

386 1613 485 1669 eodem
510 1611 599 1681 legato
622 1620 718 1665 inostro
744 1608 915 1672 confirmata,
937 1605 1090 1676 praesertim
1113 1616 1178 1657 eum

379 1706 440 1776 „pius
452 1703 592 1758 memoriae
608 1700 761 1756 Alexander
783 1715 854 1770 papa
879 1700 1073 1777 predecessor·
1082 1700 1179 1749 noster

383 1801 463 1852 circa
478 1810 628 1865 personam
637 1794 698 1864 ejus
711 1791 922 1865 dispensaverit,
936 1798 1022 1843 ratam
1031 1786 1176 1849 babemus,

384 1889 464 1944 etde
479 1886 596 1942 lrat'rum
613 1896 771 1941 nostrorum
793 1882 911 1939 consilio
927 1876 1178 1935 auemritatesedis

387 1980 546 2054 apostolice
560 1980 769 2037 nonunnamns.

1546 1627 1690 1684 cxxxiii.

1231 1720 1403 1793 Pririleqt'uru
1417 1737 1465 1789 pro
1479 1721 1590 1775 eeclesia
1601 1720 1740 1775 Taenensi.
1751 1752 1787 1761 -
1797 1721 1908 1777 Codeta
1930 1719 1966 1776 ab
1978 1718 2027 1775 st·

1366 1793 1438 1845 berto
1451 1792 1640 1845 archidiacono
1658 1792 1709 1860 ipsi
1725 1792 1879 1860 confirmet.

1459 1878 1608 1947 (Laterani,
1631 1878 1710 1935 biart.
1727 1880 1786 1951 ab.)

1375 1968 1501 2043 [diessen
1513 1971 1602 2040 Ampl.
1619 1968 1741 2035 collect,
1753 1970 1775 2031 l.
1787 1969 1866 2043 992]

424 2072 568 2127 lionemus
594 2071 678 2139 igitur
703 2066 908 2122 rrrrircrsitatem
932 2070 1064 2128 uestram,
1080 2068 1107 2115 et
1130 2073 1178 2128 per
1195 2037 1217 2093 Β
1263 2062 1389 2119 cennens
1403 2063 1560 2133 episeopus,
1574 2078 1822 2118 serrusservorum
1838 2061 1899 2130 Dei,
1912 2063 2025 2137 dilectis

388 2161 538 2232 apostolica
547 2160 647 2229 scripta
657 2158 830 2222 mandamus,
840 2164 976 2226 qnatenus
988 2153 1039 2224 ipsi
1049 2168 1098 2208 ceu
1109 2168 1179 2223 prac-

386 2252 445 2305 lato
457 2258 548 2305 restro
560 2248 742 2304 reverentiam
750 2255 783 2302 ot
795 2247 927 2301 bonorem
939 2260 1021 2315 quem
1029 2244 1179 2311 praedeces-

334 2329 337 2336 ’
390 2339 502 2395 soribus
515 2338 574 2393 suis
593 2337 770 2403 cxlribnistis,
788 2336 847 2410 sine
862 2333 1047 2405 refragatione
1071 2336 1179 2403 impen-

390 2429 456 2485 dere
470 2428 615 2494 studeatis,
629 2437 660 2484 ut
675 2437 819 2498 propterea
835 2426 951 2483 talearis
964 2427 1036 2498 apud
1054 2424 1138 2480 Deuur
1152 2434 1179 2479 et

389 2521 518 2576 bornines
532 2519 631 2575 merito
643 2519 876 2576 commendabiles
892 2533 1034 2589 apparere.

425 2610 524 2666 ilatum
540 2609 679 2678 Laterani,
695 2609 789 2665 Nonas
801 2608 903 2676 blartii,
930 2610 1104 2686 pontillcatus
1125 2621 1178 2663 no-

388 2701 438 2756 stri
450 2716 526 2758 anno
540 2702 633 2757 tertio.

390 2843 485 2917 idiloni
504 2788 911 2931 arctrrqtsconffirxeddtlddenst
925 2867 950 2912 et
965 2857 1023 2927 eins
1045 2858 1178 2927 supraqu-

423 2934 480 2987 neis
493 2932 637 3003 significet,
651 2946 678 2983 se
691 2929 865 3003 [Tbeoboido]
878 2931 999 2999 episcope
1023 2926 1179 2982 Plnreruino

424 3001 575 3064 nrorrdosse,
589 3010 617 3054 ιιι
634 3017 661 3054 aa
673 2999 792 3054 consules
804 2998 986 3063 Placerttiuos,
998 2999 1050 3053 nisi
1063 2998 1094 3051 ab
1107 2997 1180 3067 irrjrt·

424 3073 472 3127 riis
486 3073 514 3127 in
527 3070 651 3127 ecelesias
664 3070 843 3135 recessissent,
856 3069 971 3139 pratitas
981 3068 1123 3122 incederet.

621 3160 772 3233 (Laterani,
784 3158 866 3214 Mart.
882 3158 941 3229 ιθ.)

532 3248 643 3322 [Cluen
661 3247 735 3302 tirsi.
753 3248 791 3301 di.
807 3246 898 3315 Pion,
914 3245 946 3314 tl,
962 3245 1037 3318 etl]

1228 2155 1293 2210 tiliis
1308 2155 1454 2225 praeposito
1464 2162 1491 2209 et
1504 2155 1646 2210 canonicis
1658 2154 1811 2211 Tlrcnensis
1823 2156 1965 2224 ecclesiae,
1979 2173 2025 2214 sa·

1229 2245 1312 2300 intem
1323 2255 1350 2300 et
1363 2246 1539 2316 apostolicam
1555 2246 1782 2301 benedictionem.

1264 2334 1320 2391 Etsi
1333 2337 1368 2391 de
1377 2336 1501 2390 ominium
1516 2336 1713 2405 tranquillitate
1726 2350 1758 2391 ex
1769 2336 1863 2392 debito
1875 2337 2022 2393 commissi

1229 2430 1309 2490 uobis
1324 2428 1406 2484 officii
1424 2443 1486 2484 csse
1501 2428 1613 2484 solliciti
1628 2443 1682 2484 non
1705 2428 1845 2485 immerito
1858 2429 2024 2497 debearnns,

1230 2520 1319 2591 maior
1333 2528 1424 2576 umen
1439 2535 1506 2575 cura
1528 2519 1561 2574 de
1572 2519 1751 2590 eeclesiarum
1780 2519 1908 2575 libertate
1924 2534 2025 2576 manu·

1230 2612 1345 2668 tenenda
1361 2627 1412 2667 uos
1425 2610 1460 2666 de
1473 2610 1579 2666 ratione
1592 2610 1732 2677 sollicitat,
1744 2619 1774 2665 ut
1783 2625 1831 2681 per
1846 2621 1952 2667 nostrae
1965 2612 2025 2667 dis-

1202 2748 1213 2770 ,
1229 2703 1373 2773 positionis
1388 2703 1588 2773 providentiam
1608 2703 1829 2774 temporaliteret
1841 2704 2025 2773 spiritualiter

1232 2795 1589 2866 recipiantincrementum,
1602 2802 1630 2849 et
1643 2811 1704 2864 quac
1714 2795 1783 2849 bene
1798 2794 1825 2849 in
1841 2795 1883 2849 eis
1895 2794 2024 2851 ordinata

1230 2895 1296 2939 sunt
1308 2892 1335 2939 et
1349 2884 1494 2953 disposita,
1505 2898 1540 2938 ue
1555 2882 1623 2953 ipsis
1637 2883 1746 2938 valeant
1755 2884 1892 2954 deperire,
1907 2893 2025 2956 aposto·

1231 2977 1290 3031 licae
1303 2974 1526 3043 corrbrruationis
1543 2974 1697 3030 nnmimine
1713 2976 1887 3030 roborentur.
1915 2974 2024 3047 Eapro·

1230 3078 1298 3139 pter,
1310 3066 1402 3121 dilecti
1417 3068 1444 3120 in
1461 3065 1578 3120 lloruiuo
1603 3065 1662 3131 dlii,
1674 3066 1774 3122 restris
1786 3066 2024 3137 postulationibus

1230 3167 1392 3221 arruuentes,
1414 3157 1576 3212 eanonicam
1590 3157 1790 3213 ordinationem
1811 3166 1839 3212 et
1861 3157 2025 3228 dispositio·

1230 3265 1291 3304 aem
1306 3250 1391 3317 ipsius
1405 3249 1538 3315 ecclesie,
1553 3258 1582 3303 et
1604 3249 1782 3305 rationabiles
1806 3250 2024 3305 constitutiones

417 3337 548 3393 cernens
559 3338 715 3407 episcopus,
728 3350 825 3391 seruus
840 3350 983 3391 servornm
996 3338 1053 3402 ilci,
1067 3351 1180 3392 rencra·
1193 3368 1214 3423 c
1231 3349 1306 3395 rastas
1318 3341 1463 3401 babemus,
1475 3350 1505 3396 ct.
1514 3356 1687 3411 quaecuuque
1699 3342 1775 3397 rubis
1788 3353 1815 3396 ct
1827 3342 1959 3398 ecclesiae
1978 3358 2024 3396 re·

386 3427 490 3482 bilibus
505 3425 638 3479 iratribus
647 3423 844 3478 Mediolanensi
858 3422 1075 3492 archiepiscopo,
1086 3433 1113 3476 et
1122 3424 1169 3477 sni
1171 3452 1180 3463 ·
1231 3439 1294 3484 sss-,e
1309 3430 1435 3485 adiicere
1451 3431 1507 3485 filio
1522 3430 1636 3500 Alberrq
1659 3429 1801 3485 leodiensi
1821 3432 2024 3488 archidiacono

391 3514 528 3587 lraqancis
544 3513 616 3585 ejus,
628 3512 744 3571 salntem
762 3521 790 3568 es
813 3510 994 3582 apostolicam
1011 3512 1181 3567 benedictio·
1231 3521 1398 3577 simeonitis
1417 3522 1468 3576 siri
1482 3523 1560 3578 ducis
1575 3520 1753 3579 Lorariieusis
1765 3503 1862 3579 collata
1874 3536 1956 3592 sunt,
1970 3528 2025 3582 sic.

390 3624 464 3664 rrern.
1231 3623 1261 3667 ιιι
1276 3614 1334 3682 ipsa
1348 3614 1422 3683 juste
1443 3625 1470 3669 et
1484 3616 1544 3669 sine
1556 3614 1743 3681 controuersia
1769 3615 1928 3685 possidetis,
1945 3620 2029 3675 vobis

424 3696 521 3753 Gr²li⁵
534 3707 560 3753 θῑ
572 3693 736 3751 deleifflssdae
753 3692 975 3765 Pfaesllffllllifflds
997 3691 1112 3747 iudaei&
1129 3708 1181 3746 ¹¹¹¹·
1230 3717 1257 3763 et
1275 3726 1322 3779 per
1335 3726 1385 3765 ros
1412 3710 1535 3767 ecelesiae
1560 3721 1658 3766 restrae
1681 3711 1844 3767 anctoritate
1867 3713 2024 3781 apostoliea

388 3800 437 3856 per
451 3785 484 3840 ad
496 3799 577 3839 aures
592 3781 761 3853 apostolatus
778 3781 911 3850 pervenit,
925 3780 998 3849 quod
1016 3778 1181 3834 Placentinae
1230 3803 1434 3866 confirmamus,
1449 3811 1476 3856 eq
1491 3802 1634 3872 prmus
1649 3803 1742 3873 scripu
1769 3802 1922 3878 paqfoeqnqo
1941 3818 2022 3858 mm,
2038 3818 2040 3822 -

387 3879 508 3936 ciuitatis
518 3877 646 3933 consules
658 3878 685 3929 in
699 3874 830 3930 ecclesias
842 3889 911 3930 ausu
926 3874 1070 3929 temerario
1086 3875 1179 3928 insur-
1230 3892 1380 3957 munimus,
1409 3901 1562 3947 smum
1584 3903 1614 3945 ω
1638 3892 1705 3946 „qu
1731 3892 1846 3946 omnino
1874 3891 2023 3947 hommum

388 3979 494 4041 geistes,
508 3982 562 4022 ⁰0¹¹
585 3966 674 4020 ⁵0¹⁰!ss
692 3965 1178 4036 ⁰²¹¹'0m1201125⁰⁰¹¹¹¹'⁰ss⁰l¹¹¹¹b⁸⁰⁴¹
1230 3981 1310 4035 liceat
1322 3981 1393 4035 banc
1414 3982 1541 4051 pagiuam
1567 3990 1669 4037 nostre
1683 3981 1902 4037 confirmationis
1923 3982 2025 4037 inirin-

388 4059 488 4115 esiude
511 4058 633 4113 claribus
656 4058 803 4126 asportetis
818 4072 865 4112 eas
889 4056 1000 4111 reddere
1020 4056 1178 4122 noluerunt,
1229 4084 1304 4139 gefe,
1315 4070 1358 4125 vel
1368 4073 1392 4124 ,q
1405 4085 1473 4125 quw
1488 4070 1914 4141 mem-1000n2f21f0‚sqquqs
1929 4082 2023 4127 mm

388 4152 476 4206 ⁶⁰⁰0ss
491 4165 506 4203 ³
519 4149 685 4218 d⁰1b¹¹⁵¹¹²¹¹¹
711 4150 839 4230 θίῑῑιῑῑθῑῐθ
858 4156 978 4217 recepta,
991 4147 1064 4217 (1110ῑῖ
1089 4149 1179 4203 ¹¹¹¹¹¹³⁸
1229 4161 1282 4217 boc
1296 4169 1430 4216 attentare
1446 4164 1661 4231 praesumpserit,
1687 4163 1905 4233 indignationem
1932 4166 2025 4220 omui·

388 4243 423 4298 de
436 4241 558 4311 ipsarum
581 4238 768 4305 facultatibus,
795 4238 848 4294 uisi
868 4246 1001 4308 qnantum
1025 4239 1059 4294 ad
1075 4240 1178 4295 rictum
1228 4250 1347 4319 ponentis
1364 4249 1422 4316 pes,
1441 4260 1467 4307 02
1483 4252 1625 4307 bearorum
1650 4254 1721 4308 pem
1738 4262 1766 4309 οι
1785 4251 1862 4308 paup
1878 4258 2025 4325 ²P⁰⁸²⁰¹00

388 4333 564 4389 solummodo
580 4332 738 4403 pertineret,
763 4330 955 4398 distraherent,
973 4330 1024 4386 luit
1038 4331 1078 4386 eis
1093 4330 1179 4385 ssrrrri-

389 4433 430 4480 ter
444 4424 654 4495 repromissum.
673 4422 722 4479 llis
736 4422 817 4477 etiarn
830 4423 1029 4477 temeritatibus
1042 4437 1096 4476 nou
1112 4436 1179 4476 enrr-

389 4516 468 4584 tenti,
483 4517 605 4587 prestito
616 4516 774 4586 juramento
789 4516 943 4582 lirnrarunt,
956 4515 1029 4584 quod
1043 4513 1177 4583 usquead

388 4608 525 4664 Kalendas
537 4607 622 4673 turdi,
648 4608 702 4663 nisi
727 4607 761 4663 de
779 4606 990 4676 consilioipsius
1012 4606 1129 4662 civitatis
1142 4606 1178 4661 ad

387 4715 529 4768 earrrpanre
544 4699 724 4768 pulsationem
743 4698 915 4763 remanserit,
935 4709 1079 4755 sescentas
1092 4700 1177 4754 libras
1193 4698 1214 4753 o

388 4789 496 4843 auferre
509 4790 576 4857 ipsis
591 4789 715 4843 ccelesiis
729 4790 912 4844 conabuntur.
941 4791 1018 4846 Unde
1030 4791 1095 4861 quia
1114 4792 1178 4846 licet

388 4878 475 4947 ipsius
486 4877 606 4931 ciuitatis
617 4878 756 4947 populum,
771 4880 842 4934 sient
852 4880 899 4948 qui
917 4881 950 4933 ad
963 4896 1013 4936 nos
1024 4881 1177 4950 specialiter

387 4966 515 5039 pertinet,
527 4967 633 5022 sincere
649 4969 676 5021 in
691 4966 809 5021 Domino
822 4967 978 5038 diligamus,
990 4972 1124 5025 sustinere
1136 4980 1176 5024 la·

388 5074 452 5113 trien
469 5059 607 5125 nolumus,
629 5073 680 5114 nee
702 5059 845 5126 debemus,
861 5068 891 5113 nt
916 5059 1057 5128 superbis
1078 5075 1174 5115 corum

388 5148 564 5219 praesumptio
574 5157 726 5203 remaneret
737 5147 888 5217 impunita,
905 5162 949 5214 ne,
963 5148 985 5202 si
1002 5146 1071 5204 iorte
1086 5148 1113 5202 in
1127 5162 1176 5204 eos

387 5240 462 5309 rigor
474 5237 676 5294 ecclesiasticus
694 5238 802 5308 tepidus
812 5238 960 5303 exstiterit,
974 5239 1016 5293 rel
1032 5238 1175 5304 remissus,

364 5329 373 5345 “
388 5329 450 5383 aliis
465 5309 618 5398 prebeatur
631 5329 744 5384 usauria
758 5330 945 5400 delinquendi,
957 5330 1106 5385 venerabili
1123 5331 1176 5385 lra-

389 5421 424 5475 ιιι
440 5427 545 5475 nostro.
555 5460 562 5474 .
573 5459 580 5475 .
591 5459 598 5475 .
610 5420 769 5476 Placentino
780 5422 909 5491 episcopo
919 5421 1045 5479 dedimus
1058 5424 1085 5478 iu
1098 5439 1175 5478 inarr-

364 5551 368 5557 „
387 5511 460 5568 datis
475 5522 515 5580 ut,
531 5512 585 5567 nisi
598 5511 718 5583 predicti
735 5513 873 5578 consules,
886 5512 964 5583 juxta
979 5514 1054 5583 qnod
1069 5514 1110 5570 eis
1124 5515 1174 5569 de·

324 5639 328 5644 -
384 5602 478 5658 dimus
493 5602 679 5669 iumandatis,
698 5618 713 5658 a
732 5610 787 5658 tarn
802 5602 907 5659 nefario
929 5604 1069 5675 proposito
1086 5620 1174 5676 quaa·

386 5692 477 5747 tocius
490 5692 617 5748 duxerint
631 5693 828 5762 desistendum,
845 5694 871 5748 iu
896 5694 969 5765 ipsos
984 5696 1112 5751 consules
1126 5711 1174 5752 ee·

383 5780 566 5837 clesiastieam
581 5796 738 5849 censuram,
753 5784 821 5839 etin
835 5791 920 5839 totam
942 5784 1078 5840 civitatem
1093 5801 1173 5842 esee-

384 5869 438 5938 ptis
453 5871 630 5940 poeuireutiis,
642 5881 670 5928 et
679 5872 843 5942 baptismate
857 5875 1048 5947 parvulorum,
1062 5886 1175 5934 senten·-

381 5958 450 6046 tiam
467 5961 587 6030 proterat
602 5962 748 6022 interdicti.
822 6008 824 6012 ,

1229 4355 1290 4394 rum
1303 4340 1364 4410 ejus
1377 4357 1406 4396 se
1421 4343 1529 4397 rrovcrit
1544 4344 1732 4399 incursurum.

1265 4427 1363 4484 Datum
1382 4430 1521 4499 Laterani,
1537 4448 1567 4487 nr
1580 4432 1640 4489 Kal.
1652 4434 1765 4505 Aprilis,
1777 4436 1958 4507 pontificatus
1974 4455 2025 4495 no-

1228 4525 1278 4579 stri
1292 4539 1365 4581 anuo
1376 4526 1466 4583 tertio.

1581 4575 1661 4675 cxc.

1342 4728 1513 4801 Prinilepr'ttm
1525 4746 1573 4799 pro
1584 4731 1695 4787 ecclesio
1708 4729 1929 4803 liedesdorsensi.

1475 4843 1624 4916 (Laterani,
1635 4844 1699 4901 llari
1712 4847 1771 4917 25.)

1352 4954 1484 5027 [benonin
1499 4954 1566 5010 Cod.
1582 4958 1693 5029 diplom.
1707 4957 1801 5025 ruta,
1816 4961 1896 5034 tle]

1261 5067 1386 5125 Cernens
1408 5084 1680 5139 episcopusservus
1701 5087 1842 5129 serrorum
1870 5075 1938 5143 liei,
1953 5079 2023 5135 dile·

1223 5160 1278 5246 etis
1295 5160 1357 5215 liliis
1370 5159 1508 5228 connino,
1520 5164 1667 5232 preposito
1682 5162 1774 5220 Sancti
1788 5164 1906 5233 loannis
1925 5168 2023 5242 Bapti-

1226 5259 1275 5306 stae
1290 5251 1317 5305 iu
1331 5250 1494 5318 Radcsdorl,
1517 5253 1631 5323 ejusque
1645 5253 1785 5323 fratribus,
1802 5266 1858 5311 tam
1875 5263 2022 5330 presenti·

1225 5344 1278 5400 bus
1291 5361 1374 5416 quarn
1395 5346 1496 5404 lutaris
1509 5348 1640 5403 canonice
1658 5348 1867 5417 substituendis,
1883 5351 1911 5406 iu
1923 5356 2024 5426 pcrpe'·

1227 5443 1315 5490 tuum.

1262 5524 1394 5581 Effectum
1407 5526 1482 5597 justa
1506 5530 1708 5600 postulantibus
1732 5533 1875 5603 indulgere
1892 5545 1922 5592 et
1945 5539 2024 5612 vigor

1225 5617 1346 5687 postulat
1361 5620 1498 5688 equitatis
1515 5629 1543 5676 et
1563 5621 1631 5677 ordo
1651 5623 1734 5692 eripit
1756 5625 1885 5692 rationis,
1900 5643 2022 5698 praser-

1224 5707 1273 5761 tim
1289 5709 1400 5776 qnando
1415 5712 1564 5780 petentium
1582 5711 1734 5771 voluntates
1747 5725 1774 5771 et
1796 5715 1885 5786 pietas
1906 5720 2023 5791 adjurat

1224 5802 1251 5848 et
1269 5795 1371 5851 veritas
1391 5813 1445 5853 non
1463 5800 1604 5871 relinquit.
1628 5802 1788 5876 Eapropter,
1804 5806 1900 5864 dilecti
1920 5811 1952 5867 in
1970 5811 2022 5867 [lo-

1224 5885 1300 5941 mino
1314 5884 1373 5953 dlii,
1389 5890 1487 5947 restris
1507 5890 1592 5962 iustis
1615 5896 1845 5964 postulationibus
1867 5900 2020 5959 clementer

1224 5977 1382 6049 annuimus,
1406 5987 1433 6037 ct
1458 5982 1599 6051 praelatam
1622 5986 1765 6044 ecclesian
1791 5986 1888 6049 Sancd
1903 5991 2022 6053 loannis
