4584 6767
328 554 398 610 test

945 545 1142 613 cusnstttts
1162 546 1194 603 111
1212 547 1315 606 PAPAE

1915 554 1969 612 1311

326 668 365 724 sis
379 667 478 723 vestris
495 664 714 723 iratresvestros
735 664 849 721 idoneos
865 662 1152 726 adtestilloaudontl
1204 663 1262 734 Ego
1277 661 1419 719 Soiiredus
1435 660 1465 717 S.
1479 649 1622 721 liarite'in
1647 663 1697 722 Via
1720 664 1799 722 Lata
1824 663 1902 720 diac.
1920 682 1962 723 ear·

325 760 463 816 adducere
486 766 570 830 atque
591 759 716 830 ipsorum
733 757 892 814 testimonio
918 756 991 812 sieut
1008 762 1116 830 rectum

325 850 408 908 inerit
428 858 455 907 et
467 850 627 922 propulsare
642 849 800 906 violentiam
821 857 849 904 et
871 848 1008 919 justitiam
1021 846 1116 902 vindi-

325 959 400 999 care.
419 940 461 998 0b
473 942 618 999 euitandas
639 958 706 998 vero
727 942 902 999 secularium
916 940 1118 1021 frequentatio·

324 1048 384 1101 nes,
398 1033 514 1088 liberum
530 1033 567 1088 sit
580 1031 660 1087 vobis
675 1031 752 1087 salvo
758 1031 822 1102 jure
832 1028 982 1087 dioecesani
995 1026 1118 1099 episcopi

325 1134 352 1181 et
367 1124 491 1180 ecclesiae
504 1105 683 1195 parochialis,
710 1121 830 1179 oratoria
846 1121 873 1180 in
885 1120 1008 1193 grangiis
1020 1118 1118 1175 restris

326 1224 499 1282 construere,
510 1224 537 1270 et
549 1214 576 1269 in
593 1213 673 1286 ipsis,
690 1229 752 1270 cum
767 1228 881 1270 necesse
893 1211 987 1280 luerit,
1000 1210 1080 1267 vobis
1091 1218 1118 1266 et

325 1306 437 1363 iatrtiliee
455 1314 552 1362 vcstrae
565 1305 659 1361 divina
670 1304 758 1361 obicio
770 1305 920 1362 celebrare.

265 1395 274 1409 ⁸
363 1419 537 1490 Sepulturatn
551 1426 683 1489 preterea
697 1418 785 1487 ipsius
797 1417 848 1474 loci
861 1416 974 1472 liberam
992 1391 1054 1473 esse
1068 1417 1116 1474 de·

327 1510 479 1574 cernimus,
492 1516 521 1563 ut
536 1521 632 1562 eornm
645 1507 783 1562 devotioni
799 1514 827 1562 et
837 1516 968 1563 extremae
982 1507 1120 1562 uoluntati

328 1602 421 1671 quise
444 1599 500 1655 illic
520 1598 629 1670 sepeliri
654 1597 877 1661 deliberaverint,
897 1598 950 1653 nisi
977 1596 1049 1653 iorte
1070 1613 1121 1654 ex·

327 1689 522 1748 contutuuicoti
546 1689 589 1744 tel
613 1688 750 1743 interdicti
780 1688 847 1756 sint,
873 1688 966 1745 nullus
991 1688 1119 1756 obsistat,

327 1782 402 1837 salua
422 1790 515 1836 tanton
532 1779 641 1850 justitia
665 1778 774 1834 illarum
789 1779 971 1836 ecclesiarum
986 1794 1001 1835 a
1017 1780 1119 1850 quibus

326 1881 498 1928 mortuorum
520 1875 635 1945 corpbra
666 1882 858 1931 assumuntur.
891 1871 945 1927 l‘ro
970 1871 1119 1928 chrismate

326 1979 402 2031 tero,
423 1964 485 2022 oleo
508 1975 615 2031 sancto,
642 1964 898 2022 consecrationibus
925 1964 1118 2033 ecclesiarum,

326 2054 547 2111 ordinationibus
570 2055 746 2124 clericorum,
769 2056 817 2126 qui
843 2054 877 2111 ad
894 2069 990 2111 sacros
1006 2055 1119 2112 ordines

326 2147 430 2203 inerint
441 2134 632 2217 promovendi,
649 2146 707 2202 site
721 2146 820 2202 abbate
843 2145 1004 2204 deducendo
1020 2147 1053 2201 ad
1075 2161 1121 2202 se·

267 2310 274 2318 ,
327 2241 401 2308 dem,
411 2239 454 2296 vel
465 2238 632 2310 quibuslibet
642 2238 703 2295 aliis
718 2238 915 2295 ecclesiasticis
927 2238 1121 2303 sacramente,

327 2332 422 2387 nullus
434 2347 451 2387 a
465 2330 553 2401 vobis,
571 2339 620 2387 aut
633 2330 685 2389 sub
697 2330 812 2386 obtentu
831 2329 1052 2397 consuetudinis,
1074 2339 1127 2400 aut

327 2424 451 2495 quolibet
481 2422 536 2478 alio
568 2422 668 2491 modo,
702 2421 854 2494 quidquam
889 2420 991 2477 audeat
1024 2428 1120 2491 postu·

327 2515 395 2570 lare.

364 2625 392 2681 ⁸³
406 2625 469 2696 (111Ῑὸ
491 2633 582 2682 ³⁰¹²m
599 2634 695 2682 ⁰⁰¹¹m
721 2626 779 2681 Μ
790 2625 883 2681 νθῃὴθ
904 2621 1120 2723 pmumpwsit’
1173 2669 1220 2732 rit,
1242 2668 1384 2724 intendere
1401 2668 1556 2741 diligenter.
1572 2669 1715 2728 litantem
1731 2689 1749 2730 a
1764 2678 1968 2746 paverunt·-

326 2718 479 2788 portionem
493 2733 556 2774 cum
575 2718 652 2774 Gieai
674 2732 704 2773 se
723 2717 830 2772 noverit
850 2716 1019 2778 babituram,
1042 2726 1122 2780 quus

328 2806 433 2863 lactum
461 2809 607 2864 exactione
630 2807 722 2877 tttrpis
745 2807 869 2862 muneris
897 2806 1031 2859 imitatur.

328 2915 440 2970 quoque
453 2910 481 2957 et
492 2900 685 2971 tranquillitati
701 2908 798 2955 uestra
812 2908 924 2971 paterna
940 2897 1120 2966 inposterum

328 2994 515 3051 sollicitudine
541 2993 687 3064 providere
710 2994 845 3058 uolentes,
863 2990 1031 3046 auctoritate
1054 3002 1121 3057 apo·

326 3083 656 3155 stolicaprobibemusue
670 3083 733 3153 quis
745 3081 817 3137 inira
829 3078 1121 3137 clausuramloeorum
1191 3127 1197 3139 ,
1450 3126 1456 3139 ,
1531 3127 1537 3139 ,
1570 3128 1577 3140 ,
1624 3127 1659 3141 ,,
1706 3128 1713 3142 ,
1889 3132 1897 3145 ,

1098 3168 1104 3180 .
1171 3141 1275 3196 prmus,
1291 3134 1319 3182 et
1331 3135 1473 3196 praesentis
1483 3135 1577 3198 scripu
1591 3129 1735 3199 pttttlegto
1748 3132 1966 3188 commonibus.

326 3183 483 3230 vestrorum
499 3187 548 3229 seo
566 3171 743 3243 grangiarum
760 3178 914 3227 vestrarum
930 3170 1033 3225 lurtum
1047 3183 1121 3239 rapt·

326 3277 425 3319 namne
439 3261 622 3327 committere,
639 3260 731 3329 ignem
752 3258 1060 3334 apponere,bominem
1074 3271 1121 3313 ca·

328 3367 405 3423 pore,
418 3351 461 3407 vet
476 3350 641 3415 interlicere,
655 3364 705 3406 sau
714 3350 834 3420 aliquam
846 3349 1007 3406 violentiam
1019 3358 1120 3404 mutere
1133 3361 1155 3419 c

327 3443 428 3499 studeat
440 3455 578 3497 exercere.

364 3556 544 3613 Decernimus
560 3569 638 3627 ergo,
663 3562 693 3610 ut
718 3555 786 3611 nulli
802 3555 916 3610 omnino
927 3554 1069 3613 bominum
1086 3554 1121 3610 li·

327 3659 388 3704 ceat
410 3647 551 3718 prelatum
573 3647 719 3703 ecclesiam
746 3654 848 3702 lemme
872 3646 1046 3715 perturbare,
1071 3653 1121 3707 aut

327 3739 389 3808 ejus
404 3737 595 3808 possessiones
607 3739 728 3802 aulerre,
744 3736 786 3791 vel
801 3736 907 3791 ablatas
922 3736 1050 3803 retinere,
1065 3736 1120 3790 mi·

328 3845 423 3895 nuere,
444 3844 492 3886 seu
511 3829 681 3900 quibuslibet
705 3828 898 3884 vexationibus
923 3826 1054 3898 latigare;
1072 3826 1120 3881 sed

328 3923 420 3979 ornnia
436 3922 541 3991 integra
553 3929 751 3976 conserventur
761 3934 856 3975 eornm
871 3933 921 3988 pro
940 3932 1057 3987 quorum
1070 3932 1120 3986 gu-

328 4011 492 4068 bernatione
506 4024 539 4065 ac
555 4009 912 4065 sustentatione-concessa
936 4016 1000 4062 sunt
1023 4006 1120 4061 usibus

329 4103 497 4159 omnimodis
507 4101 662 4173 prolatura,
680 4100 756 4155 salua
771 4100 844 4154 sedis
859 4098 1017 4168 apostolicae
1027 4107 1120 4153 aucto

330 4196 411 4250 ritate
428 4200 457 4248 ct
481 4189 631 4247 dioecesani
652 4187 774 4260 episcopi
795 4188 926 4243 canonica
953 4186 1070 4258 lustitia.
1089 4186 1119 4242 Si

328 4303 382 4360 qua
399 4287 483 4360 igitur
498 4286 526 4340 in
542 4284 679 4352 luterum,
691 4291 747 4339 etc.

365 4396 420 4471 Ego
431 4398 558 4454 Clemens
571 4396 721 4452 Catholicae
736 4396 866 4453 Ecclesia
879 4395 1027 4474 cp'gcopus

363 4492 420 4564 Ego
435 4490 611 4551 'lbeobaldus
623 4488 757 4546 Ostiensis
773 4490 894 4559 episcop.

361 4586 419 4658 Ego
433 4584 554 4642 loannes
568 4584 710 4655 presbyter
720 4584 796 4638 cord.
813 4582 891 4636 titulo
904 4580 933 4637 S.
948 4579 1080 4636 llareelli.

1056 2801 1121 2856 Pani
1192 2849 1199 2862 ,

1169 751 1280 807 dinalis.

1205 843 1262 915 Ego
1278 843 1353 901 Bobo
1368 843 1397 900 S.
1414 844 1504 916 Sergii
1518 844 1591 902 diac.
1606 835 1684 904 ca'rd.

1204 935 1262 1008 ligo
1273 935 1394 993 loannes
1409 934 1440 992 S.
1454 934 1592 993 Theodori
1607 937 1682 993 (liae.
1698 936 1785 994 eard.
1822 981 1825 986 .

1204 1027 1304 1084 batum
1318 1028 1447 1085 Laterani
1469 1043 1519 1100 per
1542 1043 1655 1084 manum
1672 1027 1783 1102 llaysi,
1798 1037 1911 1085 nanda
1923 1026 1969 1086 llo·

1169 1136 1259 1177 manse
1272 1121 1403 1178 Ecclesiae
1417 1120 1591 1190 subdiaconi,
1610 1121 1701 1179 vicen
1717 1125 1856 1195 gerentia
1874 1122 1968 1179 ean&

1170 1213 1243 1281 larii,
1257 1228 1324 1268 nutu
1340 1212 1443 1284 Aprilis
1464 1212 1517 1285 (1),
1535 1213 1687 1271 indictione
1706 1229 1747 1282 vt,
1767 1212 1969 1274 incarnatio*

1171 1302 1321 1360 [lominica
1334 1319 1409 1359 anno
1422 1303 1502 1372 tiss,
1516 1304 1780 1378 pondloatosrero
1790 1305 1898 1363 domni
1919 1304 1970 1363 lla·

1171 1395 1272 1451 mentis
1286 1410 1368 1466 papm
1377 1393 1411 1450 111
1423 1409 1497 1451 anno
1510 1395 1611 1466 primo.
1749 1395 1752 1400 ’

1509 1505 1620 1563 XXXV.

1172 1597 1318 1655 Ecclesium
1340 1598 1371 1655 S.
1395 1598 1493 1655 llorioe
1507 1600 1540 1655 tle
1562 1599 1634 1655 iloto
1651 1601 1785 1657 tundam
1806 1604 1970 1675 anselplt,tt

1311 1672 1369 1740 ejas
1382 1670 1450 1724 bono
1465 1686 1497 1725 oc
1514 1668 1655 1741 priuilegia
1667 1672 1836 1743 confirmet.

1406 1759 1556 1831 (Laterani,
1572 1760 1652 1817 llart.
1667 1761 1728 1833 17.)

1308 1844 1493 1922 [Taoaaeauq
1507 1848 1589 1904 liant.
1599 1850 1628 1905 di
1643 1850 1729 1921 lieno,
1748 1851 1838 1927 sun]

1208 1942 1334 1996 Cernens
1347 1941 1506 2011 episcopus,
1518 1954 1615 1997 sartos
1628 1956 1781 2000 serrorum
1790 1943 1859 2013 Dei,
1871 1946 1969 2003 dilecti

1135 2019 1156 2079 Β
1170 2033 1233 2088 liliis
1245 2031 1360 2099 lluoont,
1375 2033 1461 2103 priori
1472 2031 1580 2089 Sancta
1590 2032 1683 2090 llariae
1695 2035 1732 2091 dc
1745 2034 1845 2103 neno,
1861 2038 1969 2109 ejusque

1173 2123 1306 2179 iratribus
1321 2132 1375 2189 tam
1387 2124 1570 2194 presentibus
1584 2139 1668 2195 quana
1691 2126 1802 2184 lutaris
1817 2128 1968 2199 regulare·

1172 2215 1256 2271 uitam
1271 2214 1405 2286 protessis
1419 2213 1631 2286 inperpetuum.

1207 2306 1275 2361 Cum
1292 2306 1373 2362 nobis
1398 2305 1445 2373 sit,
1461 2306 1525 2362 licet
1547 2306 1705 2378 immeritis,
1731 2311 1870 2369 omniunt
1889 2321 1967 2370 eate-

1172 2396 1275 2451 siarum
1291 2412 1358 2453 cura
1372 2404 1399 2453 et
1413 2397 1573 2454 sollicitudo
1587 2399 1751 2468 commissa,
1766 2418 1824 2474 pro
1839 2413 1914 2460 statu
1930 2420 1967 2461 aa·

1171 2487 1262 2542 ctesias
1285 2495 1384 2543 vestrae
1408 2487 1574 2557 pastoralem
1600 2490 1729 2561 cogimur
1754 2494 1966 2551 sollicitudinem

1172 2592 1276 2648 gerere,
1287 2586 1319 2656 et
1332 2578 1394 2649 paci
1409 2585 1519 2645 vestrae,
1532 2588 1613 2649 prout
1634 2580 1717 2638 nobis
1736 2582 1884 2643 Dominus
1894 2587 1968 2643 dede·

1171 2759 1310 2829 cursibus,
1327 2761 1477 2830 apostolica
1497 2761 1558 2818 sitis
1581 2758 1748 2820 delensione
1761 2768 1869 2823 ntuniti
1889 2768 1968 2825 eoele-

1176 2864 1246 2905 stam
1260 2859 1391 2918 vestram,
1405 2852 1432 2906 in
1450 2867 1504 2922 qua
1521 2853 1616 2909 diuino
1627 2853 1696 2910 estis
1708 2855 1859 2928 obsequia
1870 2844 1968 2915 manci·

1172 2939 1241 3010 pati,
1256 2941 1360 2996 inducti
1379 2942 1433 3011 piis
1446 2943 1575 3012 precibus
1588 2953 1617 2999 et
1629 2943 1715 3013 justis
1731 2948 1968 3017 postulationibus

1171 3033 1281 3100 testeis,
1296 3033 1349 3089 sub
1363 3032 1434 3088 beati
1450 3032 1524 3090 Petri
1543 3043 1571 3090 et
1586 3042 1680 3091 nostra
1691 3040 1873 3107 protendone
1883 3040 1967 3097 casei

1173 3215 1332 3275 Statuentes
1352 3227 1382 3274 ot
1393 3219 1462 3275 ordo
1476 3219 1627 3276 eanonicus
1641 3221 1690 3291 qni
1709 3223 1870 3282 seeundmn
1885 3222 1967 3280 &aaa

1171 3306 1284 3365 etbeati
1307 3309 1454 3380 burgastini
1477 3310 1602 3380 regulam
1617 3310 1646 3365 in
1666 3312 1764 3368 atiena
1783 3315 1905 3372 ecclesia
1920 3329 1967 3371 uo·

1174 3401 1261 3457 scitur
1279 3401 1434 3468 institutus,
1448 3402 1589 3473 perpetuis
1605 3402 1705 3460 ibidem
1722 3407 1902 3477 temporibus
1923 3407 1966 3461 in·

1171 3493 1337 3549 violabiliter
1354 3493 1528 3550 observetur.
1545 3494 1682 3551 Praeterea
1696 3492 1885 3567 quiscunque
1905 3512 1966 3568 pos-

1172 3586 1323 3652 sessiones,
1339 3600 1510 3656 quecunque
1521 3585 1592 3641 bona
1605 3585 1701 3663 eadem
1718 3585 1838 3642 eecloeia
1856 3586 1967 3665 impra-

1146 3733 1149 3738 ,
1171 3676 1402 3747 sentiarumjuste
1411 3685 1439 3731 et
1450 3677 1582 3731 canonice
1596 3675 1729 3746 possidet,
1738 3676 1821 3731 autin
1835 3675 1978 3732 loturam·

1171 3767 1350 3822 concessione
1361 3766 1535 3837 pontillount,
1546 3766 1692 3838 largitione
1702 3781 1795 3836 muta
1804 3758 1847 3822 tt'el
1859 3767 1967 3837 prinei-

1171 3871 1249 3927 pum,
1262 3857 1401 3912 oblatione
1415 3858 1605 3924 bdelium,seo
1616 3858 1678 3914 aliis
1691 3857 1776 3929 iestis
1793 3857 1885 3913 modis
1895 3873 1967 3929 prae·

1171 3954 1261 4002 stante
1274 3947 1399 4014 bertino,
1412 3949 1513 4017 poterit
1526 3948 1654 4018 adipisci,
1669 3949 1748 4005 lirms
1759 3949 1839 4007 robis
1848 3951 1966 4006 nestris·

1170 4053 1224 4108 que
1236 4040 1446 4105 successoribus
1459 4048 1486 4095 et
1497 4039 1600 4095 illibata
1613 4043 1804 4110 permaneant.
1819 4041 1850 4097 ln
1865 4042 1966 4112 quibos

1171 4130 1229 4185 baec
1243 4133 1361 4201 propriis
1372 4132 1502 4189 duximus
1515 4131 1692 4203 exprimenda
1704 4134 1851 4191 vocabulis
1867 4153 1877 4191 =

1207 4222 1309 4278 bocum
1325 4224 1414 4294 ipsum
1430 4224 1528 4295 inquo
1547 4225 1704 4297 praescripta
1719 4226 1836 4283 eeclesia
1851 4211 1906 4283 sita
1924 4239 1966 4285 est

1171 4328 1233 4368 etrrn
1248 4315 1378 4370 omnibus
1398 4316 1572 4385 pertinentiis
1595 4317 1679 4385 suis;
1700 4318 1847 4374 ecclesiam
1871 4318 1966 4376 Sancti

1170 4403 1285 4459 Andreae
1314 4406 1341 4459 in
1370 4404 1529 4473 'luricclla3
1553 4408 1698 4463 ecclesiam
1722 4407 1820 4465 Sancti
1834 4409 1965 4466 Dontnini

1169 4493 1248 4562 jttxta
1277 4494 1422 4567 llagnunt;
1445 4499 1590 4555 ecclcsiatu
1604 4500 1697 4557 Sancti
1711 4500 1877 4559 saltatoris.
1899 4503 1966 4558 eos-

1170 4586 1311 4641 sessiones
1326 4603 1388 4656 qaae
1406 4587 1518 4644 inerunt
1540 4589 1648 4645 Girardi
1665 4591 1699 4646 de
1718 4589 1793 4658 Sala,
1808 4607 1874 4648 cum
1888 4594 1963 4650 deei-

363 4675 419 4750 Eg'o
434 4677 576 4735 Laborans
591 4674 684 4744 presb.
703 4674 778 4729 card.
797 4672 904 4729 Sanctae
922 4672 1015 4727 llariae
1040 4680 1118 4727 tratts
1131 4705 1156 4761 D
1170 4677 1223 4733 ntis
1239 4686 1267 4733 et
1281 4671 1362 4746 betis,
1381 4688 1408 4734 et
1434 4683 1563 4738 omnibns
1588 4669 1759 4752 pertinentiis
1773 4686 1855 4749 suia;
1871 4687 1966 4759 hospi.

327 4767 448 4821 Tiberina
464 4767 507 4820 tit.
525 4764 555 4819 S.
568 4763 678 4819 Calixti.
1118 4837 1120 4842 Ι

362 4857 419 4928 Ego
435 4854 551 4913 Albinus
574 4855 616 4909 tit.
640 4854 670 4909 S.
688 4851 787 4909 Crucis
802 4853 830 4931 in
852 4852 1005 4910 ierusalem
1018 4854 1115 4925 presb.

326 4947 416 5109 aab
428 5037 525 5099 Melior
532 5035 674 5110 presbyter
684 5033 832 5090 cardinalis
847 5034 890 5088 tit.
907 5034 937 5089 S.
953 5032 1079 5089 Caeeiliae.
1112 5017 1118 5024 ’

361 5130 418 5204 Ego
433 5128 605 5202 liudulphus,
615 5126 758 5201 presbyter
768 5125 964 5184 cardinalis'tit.
977 5124 1005 5181 S.
1016 5123 1116 5182 Praxe-

324 5225 416 5387 dssiigo
428 5313 525 5371 Petrus
539 5313 581 5369 tit.
598 5311 628 5367 S.
642 5310 793 5367 Clementis
805 5311 897 5381 presb.
910 5310 976 5367 card

360 5406 417 5477 Ego
430 5404 569 5463 londanus
594 5402 686 5474 presb.
702 5402 778 5458 eard.
803 5401 1045 5459 S.·Prudentianae
1071 5400 1113 5456 tit.

323 5496 445 5554 Pastoris
826 5569 830 5576 Ι

359 5587 417 5660 ligo
434 5585 553 5644 lacobus
567 5585 639 5642 diac.
659 5585 736 5643 card.
753 5583 785 5642 S.
799 5583 892 5642 llariae
910 5584 937 5640 in
952 5583 1112 5641 cosmedin.

358 5680 415 5753 Ego
430 5678 597 5737 Octavianus
613 5677 664 5734 SS.
690 5677 780 5750 Sergii
800 5685 827 5734 et
844 5677 945 5734 Bnccbi
960 5678 1032 5735 diac.
1053 5694 1114 5736 car·

322 5772 431 5829 (linaiis.

359 5949 399 6023 tt)
418 5950 471 6011 Pro
485 5964 557 6040 ntttt
565 5947 678 6033 antibo,
692 5948 805 6043 teg-‘xm
818 5946 884 6006 liat.
901 5946 988 6020 nprtt.

1170 4770 1224 4825 tale
1238 4771 1272 4825 de
1285 4771 1411 4827 Casaiola
1425 4787 1488 4828 curn
1515 4773 1685 4843 pertinentiis
1710 4776 1788 4843 suis;
1814 4779 1963 4835 ecciesntn

1170 4858 1431 4928 SanctaePraxedis,
1451 4864 1523 4920 sicot
1548 4880 1563 4920 a
1580 4865 1634 4936 pie
1649 4867 1791 4923 memoriae
1806 4869 1962 4940 praedeces·

1169 4950 1279 5006 sonibus
1308 4954 1411 5007 nostris
1433 4953 1591 5022 Anastasio,
1620 4957 1786 5024 Alexandro,
1814 4960 1914 5028 Lucio,
1936 4972 1965 5019 et

1168 5037 1282 5095 Urbano
1304 5038 1436 5097 llomanis
1453 5043 1638 5114 pontilleibus,
1655 5047 1734 5104 robis
1747 5063 1881 5107 concessa
1896 5062 1939 5108 αι
1954 5073 1980 5120 ;·

1167 5131 1243 5189 saluo
1255 5132 1318 5203 jure
1327 5142 1354 5190 et
1369 5136 1522 5191 reverentia
1535 5137 1687 5196 cardinalis
1706 5141 1753 5211 qui
1772 5156 1825 5212 pro
1839 5152 1966 5216 tempore

1167 5223 1195 5280 in
1209 5227 1305 5283 eadem
1319 5228 1435 5286 ecclesia
1460 5229 1552 5285 luerit.
1567 5230 1719 5288 Ecclesiam
1742 5234 1838 5291 Sancti
1854 5235 1966 5307 tseotn,

1166 5331 1228 5385 quae
1241 5319 1342 5375 dicitur
1365 5319 1511 5389 Casa-Dei,
1525 5337 1588 5378 cunt
1604 5326 1775 5394 pertinentiis
1790 5327 1861 5384 suis.
1888 5327 1967 5384 l‘oa·

1167 5420 1222 5466 tem
1236 5411 1283 5483 qui
1293 5412 1372 5481 juxta
1384 5411 1531 5468 ecelesiam
1557 5423 1676 5471 vestram
1691 5431 1775 5486 saper
1792 5415 1903 5474 llenum
1926 5422 1967 5475 si·

1166 5509 1211 5556 tus
1220 5510 1262 5556 cst
1274 5515 1337 5555 cum
1359 5500 1418 5555 suis
1432 5502 1664 5571 possessionibus.
1678 5504 1833 5563 Libertates
1849 5522 1967 5580 quoque

1165 5599 1192 5646 ct
1205 5591 1391 5646 immunitates
1403 5591 1605 5650 rationabiliter
1630 5596 1750 5651 indultas
1765 5611 1782 5651 a
1805 5596 1966 5657 booaetne-

1164 5683 1260 5740 moriae
1273 5681 1391 5740 ilenrico
1406 5693 1434 5741 et
1444 5684 1577 5754 Gerardo,
1588 5686 1797 5746 bononensibus
1808 5691 1966 5763 episcopie,

1165 5775 1287 5834 eeclesiae
1304 5783 1401 5833 uestrae
1425 5785 1452 5833 et
1467 5776 1529 5835 aliis
1542 5778 1665 5837 ecelesiis
1686 5780 1786 5840 restris
1802 5785 1875 5855 quas
1886 5798 1968 5858 pra·
