<?xml version="1.0" encoding="UTF-8"?>
<!DOCTYPE html PUBLIC "-//W3C//DTD XHTML 1.0 Transitional//EN"
    "http://www.w3.org/TR/xhtml1/DTD/xhtml1-transitional.dtd">
<html xmlns="http://www.w3.org/1999/xhtml" xml:lang="en" lang="en">
 <head>
  <title>
</title>
<meta http-equiv="Content-Type" content="text/html;charset=utf-8" />
  <meta name='ocr-system' content='tesseract 3.04.00' />
  <meta name='ocr-capabilities' content='ocr_page ocr_carea ocr_par ocr_line ocrx_word'/>
</head>
<body>
  <div class='ocr_page' id='page_1' title='image "./patrologiaecurs97unkngoog_0715.png"; bbox 0 0 4584 6767; ppageno 0'>
   <div class='ocr_carea' id='block_1_1' title="bbox 329 621 1969 690">
    <p class='ocr_par' dir='ltr' id='par_1_1' title="bbox 329 621 1969 690">
     <span class='ocr_line' id='line_1_1' title="bbox 329 621 1969 690; baseline -0.005 -2"><span class='ocrx_word' id='word_1_1' title='bbox 329 632 399 690; x_wconf 69' lang='lat'>{539</span> <span class='ocrx_word' id='word_1_2' title='bbox 948 626 1147 684; x_wconf 55' lang='lat' dir='ltr'>clrtzttehrts</span> <span class='ocrx_word' id='word_1_3' title='bbox 1166 626 1199 683; x_wconf 92' lang='grc' dir='ltr'>ΙΙΙ</span> <span class='ocrx_word' id='word_1_4' title='bbox 1219 626 1318 685; x_wconf 75' lang='lat' dir='ltr'>PAPAE</span> <span class='ocrx_word' id='word_1_5' title='bbox 1920 621 1969 681; x_wconf 84' lang='lat' dir='ltr'>tttt</span> 
     </span>
    </p>
   </div>
   <div class='ocr_carea' id='block_1_2' title="bbox 272 719 1976 1461">
    <p class='ocr_par' dir='ltr' id='par_1_2' title="bbox 363 719 1970 994">
     <span class='ocr_line' id='line_1_2' title="bbox 363 719 1968 815; baseline -0.001 -19"><span class='ocrx_word' id='word_1_6' title='bbox 363 744 434 799; x_wconf 88' lang='lat' dir='ltr'>dinis</span> <span class='ocrx_word' id='word_1_7' title='bbox 459 747 549 799; x_wconf 66' lang='lat' dir='ltr'>corana</span> <span class='ocrx_word' id='word_1_8' title='bbox 574 744 739 815; x_wconf 84' lang='lat' dir='ltr'>propositum</span> <span class='ocrx_word' id='word_1_9' title='bbox 762 719 888 797; x_wconf 67' lang='lat' dir='ltr'>duaeiiut</span> <span class='ocrx_word' id='word_1_10' title='bbox 912 743 1122 805; x_wconf 84' lang='lat' dir='ltr'>escerrdrnrlnm,</span> <span class='ocrx_word' id='word_1_11' title='bbox 1140 748 1162 803; x_wconf 72' lang='grc' dir='ltr'><strong>Α</strong></span> <span class='ocrx_word' id='word_1_12' title='bbox 1177 743 1262 796; x_wconf 90' lang='lat' dir='ltr'>robur</span> <span class='ocrx_word' id='word_1_13' title='bbox 1275 740 1358 812; x_wconf 76' lang='lat' dir='ltr'>(qnod</span> <span class='ocrx_word' id='word_1_14' title='bbox 1374 741 1446 796; x_wconf 84' lang='lat' dir='ltr'>absit</span> <span class='ocrx_word' id='word_1_15' title='bbox 1457 739 1477 810; x_wconf 86' lang='lat' dir='ltr'>l)</span> <span class='ocrx_word' id='word_1_16' title='bbox 1495 754 1582 797; x_wconf 75' lang='lat' dir='ltr'>sacrae</span> <span class='ocrx_word' id='word_1_17' title='bbox 1603 737 1754 811; x_wconf 84' lang='lat' dir='ltr'>religionis</span> <span class='ocrx_word' id='word_1_18' title='bbox 1772 736 1968 810; x_wconf 70' lang='lat' dir='ltr'>infringatis</span> 
     </span>
     <span class='ocr_line' id='line_1_3' title="bbox 364 812 1966 901; baseline 0.001 -17"><span class='ocrx_word' id='word_1_19' title='bbox 364 814 475 868; x_wconf 58' lang='lat' dir='ltr'>“imm</span> <span class='ocrx_word' id='word_1_20' title='bbox 490 817 524 870; x_wconf 65' lang='grc' dir='ltr'>*ἶ*</span> <span class='ocrx_word' id='word_1_21' title='bbox 537 817 571 871; x_wconf 67' lang='grc' dir='ltr'>*ῑὶ</span> <span class='ocrx_word' id='word_1_22' title='bbox 584 831 627 868; x_wconf 75' lang='lat'>⁶⁰⁸</span> <span class='ocrx_word' id='word_1_23' title='bbox 641 817 765 883; x_wconf 58' lang='lat' dir='ltr'>&#39;ediles‘-</span> <span class='ocrx_word' id='word_1_24' title='bbox 782 813 865 866; x_wconf 55' lang='grc' dir='ltr'>’Μία</span> <span class='ocrx_word' id='word_1_25' title='bbox 885 812 1121 884; x_wconf 59' lang='lat' dir='ltr'>l’ll&#39;ll&#39;lssb&#39;l&#39;ssssddl&#39;l·</span> <span class='ocrx_word' id='word_1_26' title='bbox 1176 839 1296 901; x_wconf 88' lang='lat' dir='ltr'>propter,</span> <span class='ocrx_word' id='word_1_27' title='bbox 1311 832 1401 887; x_wconf 87' lang='lat' dir='ltr'>dilecti</span> <span class='ocrx_word' id='word_1_28' title='bbox 1414 832 1442 886; x_wconf 92' lang='lat' dir='ltr'>in</span> <span class='ocrx_word' id='word_1_29' title='bbox 1455 831 1570 887; x_wconf 83' lang='lat' dir='ltr'>llornino</span> <span class='ocrx_word' id='word_1_30' title='bbox 1582 831 1643 897; x_wconf 87' lang='lat' dir='ltr'>hiii,</span> <span class='ocrx_word' id='word_1_31' title='bbox 1660 830 1771 886; x_wconf 68' lang='lat' dir='ltr'>vesnia</span> <span class='ocrx_word' id='word_1_32' title='bbox 1785 827 1880 899; x_wconf 83' lang='lat' dir='ltr'>justis</span> <span class='ocrx_word' id='word_1_33' title='bbox 1893 841 1966 900; x_wconf 86' lang='lat' dir='ltr'>posta·</span> 
     </span>
     <span class='ocr_line' id='line_1_4' title="bbox 563 905 1970 994; baseline -0.004 -11"><span class='ocrx_word' id='word_1_34' title='bbox 563 905 713 976; x_wconf 55' lang='lat' dir='ltr'>stimma</span> <span class='ocrx_word' id='word_1_35' title='bbox 728 905 815 976; x_wconf 61' lang='lat' dir='ltr'><strong>AP‘H·</strong></span> <span class='ocrx_word' id='word_1_36' title='bbox 829 905 886 974; x_wconf 60' lang='grc' dir='ltr'>Ιί*)</span> <span class='ocrx_word' id='word_1_37' title='bbox 1175 927 1324 982; x_wconf 80' lang='lat' dir='ltr'>lotionibus</span> <span class='ocrx_word' id='word_1_38' title='bbox 1345 928 1495 983; x_wconf 87' lang='lat' dir='ltr'>eienrcuter</span> <span class='ocrx_word' id='word_1_39' title='bbox 1514 926 1676 992; x_wconf 73' lang='lat' dir='ltr'>annuimus,</span> <span class='ocrx_word' id='word_1_40' title='bbox 1696 932 1729 980; x_wconf 87' lang='lat' dir='ltr'>et</span> <span class='ocrx_word' id='word_1_41' title='bbox 1756 922 1916 994; x_wconf 68' lang='lat' dir='ltr'>prelatura</span> <span class='ocrx_word' id='word_1_42' title='bbox 1928 939 1970 978; x_wconf 76' lang='lat' dir='ltr'>nr</span> 
     </span>
    </p>

    <p class='ocr_par' dir='ltr' id='par_1_3' title="bbox 507 1014 1970 1092">
     <span class='ocr_line' id='line_1_5' title="bbox 507 1014 1970 1092; baseline -0.002 -18"><span class='ocrx_word' id='word_1_43' title='bbox 507 1019 616 1092; x_wconf 77' lang='lat' dir='ltr'>[Prirril.</span> <span class='ocrx_word' id='word_1_44' title='bbox 630 1020 688 1074; x_wconf 85' lang='lat' dir='ltr'>ord.</span> <span class='ocrx_word' id='word_1_45' title='bbox 701 1018 819 1087; x_wconf 64' lang='lat' dir='ltr'>Carth„</span> <span class='ocrx_word' id='word_1_46' title='bbox 835 1019 884 1075; x_wconf 88' lang='lat' dir='ltr'>lol.</span> <span class='ocrx_word' id='word_1_47' title='bbox 902 1018 942 1091; x_wconf 76' lang='grc'>5.]</span> <span class='ocrx_word' id='word_1_48' title='bbox 1175 1018 1324 1072; x_wconf 88' lang='lat' dir='ltr'>nasteriurn</span> <span class='ocrx_word' id='word_1_49' title='bbox 1346 1018 1375 1073; x_wconf 90' lang='lat' dir='ltr'>S.</span> <span class='ocrx_word' id='word_1_50' title='bbox 1391 1017 1529 1073; x_wconf 75' lang='lat' dir='ltr'>Benedicti</span> <span class='ocrx_word' id='word_1_51' title='bbox 1544 1017 1578 1072; x_wconf 88' lang='lat' dir='ltr'>de</span> <span class='ocrx_word' id='word_1_52' title='bbox 1592 1014 1704 1081; x_wconf 84' lang='lat' dir='ltr'>Waldo,</span> <span class='ocrx_word' id='word_1_53' title='bbox 1724 1015 1810 1086; x_wconf 86' lang='lat' dir='ltr'>qrrod</span> <span class='ocrx_word' id='word_1_54' title='bbox 1830 1015 1970 1085; x_wconf 78' lang='lat' dir='ltr'>specialiter</span> 
     </span>
    </p>

    <p class='ocr_par' dir='ltr' id='par_1_4' title="bbox 272 1107 1976 1461">
     <span class='ocr_line' id='line_1_6' title="bbox 363 1107 1971 1183; baseline -0.003 -15"><span class='ocrx_word' id='word_1_55' title='bbox 363 1112 490 1168; x_wconf 76' lang='lat' dir='ltr'>Cernens</span> <span class='ocrx_word' id='word_1_56' title='bbox 503 1113 659 1183; x_wconf 89' lang='lat' dir='ltr'>episcopus,</span> <span class='ocrx_word' id='word_1_57' title='bbox 674 1127 770 1168; x_wconf 87' lang='lat' dir='ltr'>scrrus</span> <span class='ocrx_word' id='word_1_58' title='bbox 782 1127 925 1168; x_wconf 86' lang='lat' dir='ltr'>serrorum</span> <span class='ocrx_word' id='word_1_59' title='bbox 942 1111 999 1179; x_wconf 83' lang='lat' dir='ltr'>Dei,</span> <span class='ocrx_word' id='word_1_60' title='bbox 1016 1111 1123 1169; x_wconf 89' lang='lat' dir='ltr'>dilectis</span> <span class='ocrx_word' id='word_1_61' title='bbox 1174 1110 1305 1165; x_wconf 77' lang='lat' dir='ltr'>Romanae</span> <span class='ocrx_word' id='word_1_62' title='bbox 1317 1108 1446 1167; x_wconf 75' lang='lat' dir='ltr'>Ecclesia</span> <span class='ocrx_word' id='word_1_63' title='bbox 1458 1110 1531 1181; x_wconf 84' lang='lat' dir='ltr'>juris</span> <span class='ocrx_word' id='word_1_64' title='bbox 1545 1108 1659 1173; x_wconf 83' lang='lat' dir='ltr'>existit,</span> <span class='ocrx_word' id='word_1_65' title='bbox 1674 1109 1702 1164; x_wconf 93' lang='lat' dir='ltr'>in</span> <span class='ocrx_word' id='word_1_66' title='bbox 1716 1123 1783 1179; x_wconf 82' lang='lat' dir='ltr'>quo</span> <span class='ocrx_word' id='word_1_67' title='bbox 1797 1107 1902 1164; x_wconf 77' lang='lat' dir='ltr'>divino</span> <span class='ocrx_word' id='word_1_68' title='bbox 1914 1125 1971 1164; x_wconf 74' lang='lat' dir='ltr'>raas</span> 
     </span>
     <span class='ocr_line' id='line_1_7' title="bbox 327 1198 1974 1276; baseline -0.002 -18"><span class='ocrx_word' id='word_1_69' title='bbox 327 1205 391 1259; x_wconf 77' lang='lat' dir='ltr'>biii·</span> <span class='ocrx_word' id='word_1_70' title='bbox 406 1205 490 1275; x_wconf 80' lang='lat' dir='ltr'>priori</span> <span class='ocrx_word' id='word_1_71' title='bbox 503 1212 530 1259; x_wconf 87' lang='lat' dir='ltr'>ct</span> <span class='ocrx_word' id='word_1_72' title='bbox 542 1203 674 1261; x_wconf 89' lang='lat' dir='ltr'>iratribus</span> <span class='ocrx_word' id='word_1_73' title='bbox 685 1201 941 1276; x_wconf 63' lang='lat' dir='ltr'>carthusiensibus,</span> <span class='ocrx_word' id='word_1_74' title='bbox 963 1201 1079 1261; x_wconf 86' lang='lat' dir='ltr'>salutern</span> <span class='ocrx_word' id='word_1_75' title='bbox 1096 1214 1122 1262; x_wconf 87' lang='lat' dir='ltr'>et</span> <span class='ocrx_word' id='word_1_76' title='bbox 1173 1202 1255 1272; x_wconf 89' lang='lat' dir='ltr'>eipati</span> <span class='ocrx_word' id='word_1_77' title='bbox 1268 1202 1335 1258; x_wconf 84' lang='lat' dir='ltr'>estis</span> <span class='ocrx_word' id='word_1_78' title='bbox 1353 1201 1497 1273; x_wconf 76' lang='lat' dir='ltr'>obsequie,</span> <span class='ocrx_word' id='word_1_79' title='bbox 1511 1200 1564 1258; x_wconf 89' lang='lat' dir='ltr'>sub</span> <span class='ocrx_word' id='word_1_80' title='bbox 1577 1200 1650 1256; x_wconf 88' lang='lat' dir='ltr'>beati</span> <span class='ocrx_word' id='word_1_81' title='bbox 1662 1198 1742 1255; x_wconf 81' lang='lat' dir='ltr'>Petri</span> <span class='ocrx_word' id='word_1_82' title='bbox 1760 1209 1793 1255; x_wconf 90' lang='lat' dir='ltr'>et</span> <span class='ocrx_word' id='word_1_83' title='bbox 1810 1209 1913 1255; x_wconf 87' lang='lat' dir='ltr'>nostra</span> <span class='ocrx_word' id='word_1_84' title='bbox 1927 1215 1974 1270; x_wconf 71' lang='lat' dir='ltr'>prs</span> 
     </span>
     <span class='ocr_line' id='line_1_8' title="bbox 272 1276 1975 1367; baseline -0.005 -13"><span class='ocrx_word' id='word_1_85' title='bbox 272 1336 285 1354; x_wconf 65' lang='lat'><em>0</em></span> <span class='ocrx_word' id='word_1_86' title='bbox 326 1295 506 1367; x_wconf 88' lang='lat' dir='ltr'>apostolicam</span> <span class='ocrx_word' id='word_1_87' title='bbox 518 1295 752 1351; x_wconf 77' lang='lat' dir='ltr'>benedictionem.</span> <span class='ocrx_word' id='word_1_88' title='bbox 1173 1292 1313 1359; x_wconf 81' lang='lat' dir='ltr'>tectione,</span> <span class='ocrx_word' id='word_1_89' title='bbox 1338 1293 1372 1347; x_wconf 90' lang='lat' dir='ltr'>ad</span> <span class='ocrx_word' id='word_1_90' title='bbox 1398 1291 1538 1362; x_wconf 84' lang='lat' dir='ltr'>exemplar</span> <span class='ocrx_word' id='word_1_91' title='bbox 1566 1276 1655 1346; x_wconf 83' lang='lat' dir='ltr'>lelic‘is</span> <span class='ocrx_word' id='word_1_92' title='bbox 1675 1289 1836 1346; x_wconf 79' lang='lat' dir='ltr'>memoriae</span> <span class='ocrx_word' id='word_1_93' title='bbox 1868 1288 1975 1354; x_wconf 81' lang='lat' dir='ltr'>Nicolai,</span> 
     </span>
     <span class='ocr_line' id='line_1_9' title="bbox 362 1376 1976 1461; baseline 0.001 -20"><span class='ocrx_word' id='word_1_94' title='bbox 362 1385 435 1442; x_wconf 88' lang='lat' dir='ltr'>inter</span> <span class='ocrx_word' id='word_1_95' title='bbox 448 1388 581 1442; x_wconf 86' lang='lat' dir='ltr'>uirtutum</span> <span class='ocrx_word' id='word_1_96' title='bbox 598 1397 929 1446; x_wconf 86' lang='lat' dir='ltr'>aromataetsauctorum</span> <span class='ocrx_word' id='word_1_97' title='bbox 940 1389 1121 1461; x_wconf 74' lang='lat' dir='ltr'>fragrantiam</span> <span class='ocrx_word' id='word_1_98' title='bbox 1172 1381 1330 1447; x_wconf 66' lang='lat' dir='ltr'>Coelesllnl.</span> <span class='ocrx_word' id='word_1_99' title='bbox 1352 1381 1485 1452; x_wconf 63' lang='lat' dir='ltr'>Eudemi·</span> <span class='ocrx_word' id='word_1_100' title='bbox 1500 1380 1613 1436; x_wconf 67' lang='lat' dir='ltr'>Adriani</span> <span class='ocrx_word' id='word_1_101' title='bbox 1635 1376 1870 1443; x_wconf 65' lang='lat' dir='ltr'>⁰2A10¹³¹¹dfls</span> <span class='ocrx_word' id='word_1_102' title='bbox 1886 1379 1976 1449; x_wconf 61' lang='lat' dir='ltr'><em>W</em></span> 
     </span>
    </p>
   </div>
   <div class='ocr_carea' id='block_1_3' title="bbox 2004 419 2009 530">
    <p class='ocr_par' dir='ltr' id='par_1_5' title="bbox 2004 419 2009 530">
     <span class='ocr_line' id='line_1_10' title="bbox 2004 419 2009 530; baseline 0 0"><span class='ocrx_word' id='word_1_103' title='bbox 2004 419 2009 530; x_wconf 92' lang='lat' dir='ltr'>l</span> 
     </span>
    </p>
   </div>
   <div class='ocr_carea' id='block_1_4' title="bbox 280 1470 2008 1554">
    <p class='ocr_par' dir='ltr' id='par_1_6' title="bbox 280 1470 2008 1554">
     <span class='ocr_line' id='line_1_11' title="bbox 280 1470 2008 1554; baseline 0.001 -18"><span class='ocrx_word' id='word_1_104' title='bbox 280 1509 284 1514; x_wconf 96' lang='lat'>·</span> <span class='ocrx_word' id='word_1_105' title='bbox 326 1481 491 1546; x_wconf 86' lang='lat' dir='ltr'>strnliorum,</span> <span class='ocrx_word' id='word_1_106' title='bbox 519 1480 659 1550; x_wconf 83' lang='lat' dir='ltr'>opinionis</span> <span class='ocrx_word' id='word_1_107' title='bbox 683 1490 782 1539; x_wconf 85' lang='lat' dir='ltr'>vestrae</span> <span class='ocrx_word' id='word_1_108' title='bbox 803 1482 945 1538; x_wconf 77' lang='lat' dir='ltr'>balsamus</span> <span class='ocrx_word' id='word_1_109' title='bbox 965 1499 1016 1539; x_wconf 93' lang='lat' dir='ltr'>suo</span> <span class='ocrx_word' id='word_1_110' title='bbox 1043 1484 1122 1540; x_wconf 85' lang='lat' dir='ltr'>nobis</span> <span class='ocrx_word' id='word_1_111' title='bbox 1172 1471 1710 1539; x_wconf 67' lang='lat' dir='ltr'>008801&#39;0111⁰⁰S¹f⁰i¹¹¹¹bss⁰m³¹¹⁰fflm</span> <span class='ocrx_word' id='word_1_112' title='bbox 1735 1470 1977 1540; x_wconf 66' lang='lat' dir='ltr'>Wisiflfflrfl·</span> <span class='ocrx_word' id='word_1_113' title='bbox 2006 1549 2008 1554; x_wconf 28' lang='grc' dir='ltr'>Ι</span> 
     </span>
    </p>
   </div>
   <div class='ocr_carea' id='block_1_5' title="bbox 325 1564 1977 2009">
    <p class='ocr_par' dir='ltr' id='par_1_7' title="bbox 325 1564 1977 2009">
     <span class='ocr_line' id='line_1_12' title="bbox 325 1564 1976 1644; baseline -0.004 -20"><span class='ocrx_word' id='word_1_114' title='bbox 325 1571 409 1625; x_wconf 84' lang='lat' dir='ltr'>olrrrc</span> <span class='ocrx_word' id='word_1_115' title='bbox 426 1571 603 1637; x_wconf 82' lang='lat' dir='ltr'>discernitur,</span> <span class='ocrx_word' id='word_1_116' title='bbox 613 1572 685 1642; x_wconf 85' lang='lat' dir='ltr'>quod</span> <span class='ocrx_word' id='word_1_117' title='bbox 701 1588 786 1643; x_wconf 86' lang='lat' dir='ltr'>qurnn</span> <span class='ocrx_word' id='word_1_118' title='bbox 800 1588 830 1629; x_wconf 87' lang='lat' dir='ltr'>sc</span> <span class='ocrx_word' id='word_1_119' title='bbox 843 1575 1029 1644; x_wconf 82' lang='lat' dir='ltr'>asperioribus</span> <span class='ocrx_word' id='word_1_120' title='bbox 1043 1573 1122 1629; x_wconf 83' lang='lat' dir='ltr'>insti·</span> <span class='ocrx_word' id='word_1_121' title='bbox 1172 1571 1304 1643; x_wconf 92' lang='lat' dir='ltr'>scipimus</span> <span class='ocrx_word' id='word_1_122' title='bbox 1318 1578 1345 1627; x_wconf 92' lang='lat' dir='ltr'>et</span> <span class='ocrx_word' id='word_1_123' title='bbox 1358 1569 1502 1641; x_wconf 69' lang='lat' dir='ltr'>presentis</span> <span class='ocrx_word' id='word_1_124' title='bbox 1525 1567 1619 1638; x_wconf 90' lang='lat' dir='ltr'>scripti</span> <span class='ocrx_word' id='word_1_125' title='bbox 1640 1565 1803 1637; x_wconf 81' lang='lat' dir='ltr'>privilegio</span> <span class='ocrx_word' id='word_1_126' title='bbox 1829 1564 1976 1621; x_wconf 78' lang='lat' dir='ltr'>conmuni·</span> 
     </span>
     <span class='ocr_line' id='line_1_13' title="bbox 326 1656 1977 1735; baseline -0.001 -23"><span class='ocrx_word' id='word_1_127' title='bbox 326 1659 418 1717; x_wconf 89' lang='lat' dir='ltr'>turisa</span> <span class='ocrx_word' id='word_1_128' title='bbox 435 1660 574 1716; x_wconf 84' lang='lat' dir='ltr'>mundana</span> <span class='ocrx_word' id='word_1_129' title='bbox 592 1672 701 1732; x_wconf 87' lang='lat' dir='ltr'>separet</span> <span class='ocrx_word' id='word_1_130' title='bbox 719 1663 841 1720; x_wconf 81' lang='lat' dir='ltr'>uanitate</span> <span class='ocrx_word' id='word_1_131' title='bbox 862 1674 889 1720; x_wconf 89' lang='lat' dir='ltr'>et</span> <span class='ocrx_word' id='word_1_132' title='bbox 904 1665 1034 1735; x_wconf 75' lang='lat' dir='ltr'>praeclara</span> <span class='ocrx_word' id='word_1_133' title='bbox 1061 1680 1120 1721; x_wconf 89' lang='lat' dir='ltr'>res·</span> <span class='ocrx_word' id='word_1_134' title='bbox 1172 1678 1235 1717; x_wconf 89' lang='lat' dir='ltr'>mus</span> <span class='ocrx_word' id='word_1_135' title='bbox 1249 1680 1256 1729; x_wconf 86' lang='lat'><strong>;</strong></span> <span class='ocrx_word' id='word_1_136' title='bbox 1272 1662 1299 1716; x_wconf 92' lang='lat' dir='ltr'>in</span> <span class='ocrx_word' id='word_1_137' title='bbox 1323 1661 1419 1732; x_wconf 87' lang='lat' dir='ltr'>primis</span> <span class='ocrx_word' id='word_1_138' title='bbox 1436 1659 1572 1730; x_wconf 82' lang='lat' dir='ltr'>siquidem</span> <span class='ocrx_word' id='word_1_139' title='bbox 1597 1657 1756 1713; x_wconf 84' lang='lat' dir='ltr'>statuimus</span> <span class='ocrx_word' id='word_1_140' title='bbox 1780 1665 1816 1712; x_wconf 88' lang='lat' dir='ltr'>ut</span> <span class='ocrx_word' id='word_1_141' title='bbox 1832 1656 1907 1711; x_wconf 87' lang='lat' dir='ltr'>ordo</span> <span class='ocrx_word' id='word_1_142' title='bbox 1928 1669 1977 1710; x_wconf 86' lang='lat' dir='ltr'>rne-</span> 
     </span>
     <span class='ocr_line' id='line_1_14' title="bbox 325 1747 1976 1840; baseline -0.001 -35"><span class='ocrx_word' id='word_1_143' title='bbox 325 1752 546 1824; x_wconf 87' lang='lat' dir='ltr'>plendeatgloria</span> <span class='ocrx_word' id='word_1_144' title='bbox 560 1755 732 1823; x_wconf 85' lang='lat' dir='ltr'>meritorum,</span> <span class='ocrx_word' id='word_1_145' title='bbox 748 1757 829 1813; x_wconf 88' lang='lat' dir='ltr'>nohis</span> <span class='ocrx_word' id='word_1_146' title='bbox 843 1757 1015 1827; x_wconf 87' lang='lat' dir='ltr'>estamplius</span> <span class='ocrx_word' id='word_1_147' title='bbox 1035 1756 1121 1811; x_wconf 90' lang='lat' dir='ltr'>lrono-</span> <span class='ocrx_word' id='word_1_148' title='bbox 1172 1754 1305 1821; x_wconf 89' lang='lat' dir='ltr'>nasticus,</span> <span class='ocrx_word' id='word_1_149' title='bbox 1327 1752 1375 1840; x_wconf 80' lang='lat' dir='ltr'>qui</span> <span class='ocrx_word' id='word_1_150' title='bbox 1397 1752 1549 1807; x_wconf 84' lang='lat' dir='ltr'>secundum</span> <span class='ocrx_word' id='word_1_151' title='bbox 1564 1748 1663 1808; x_wconf 80' lang='lat' dir='ltr'>licum.</span> <span class='ocrx_word' id='word_1_152' title='bbox 1681 1757 1708 1804; x_wconf 86' lang='lat' dir='ltr'>et</span> <span class='ocrx_word' id='word_1_153' title='bbox 1734 1747 1825 1804; x_wconf 87' lang='lat' dir='ltr'>Beati</span> <span class='ocrx_word' id='word_1_154' title='bbox 1848 1747 1976 1806; x_wconf 72' lang='lat' dir='ltr'>Bendidi</span> 
     </span>
     <span class='ocr_line' id='line_1_15' title="bbox 325 1840 1975 1920; baseline -0.002 -21"><span class='ocrx_word' id='word_1_155' title='bbox 325 1845 421 1900; x_wconf 82' lang='lat' dir='ltr'>rande.</span> <span class='ocrx_word' id='word_1_156' title='bbox 438 1843 642 1903; x_wconf 71' lang='lat' dir='ltr'>prendendum</span> <span class='ocrx_word' id='word_1_157' title='bbox 654 1849 785 1918; x_wconf 87' lang='lat' dir='ltr'>qnoniam</span> <span class='ocrx_word' id='word_1_158' title='bbox 799 1849 957 1920; x_wconf 87' lang='lat' dir='ltr'>diligentius</span> <span class='ocrx_word' id='word_1_159' title='bbox 968 1859 1010 1905; x_wconf 88' lang='lat' dir='ltr'>est</span> <span class='ocrx_word' id='word_1_160' title='bbox 1029 1858 1057 1904; x_wconf 84' lang='lat' dir='ltr'>ct</span> <span class='ocrx_word' id='word_1_161' title='bbox 1072 1864 1121 1903; x_wconf 91' lang='lat' dir='ltr'>ca·</span> <span class='ocrx_word' id='word_1_162' title='bbox 1173 1845 1305 1918; x_wconf 84' lang='lat' dir='ltr'>liegulam</span> <span class='ocrx_word' id='word_1_163' title='bbox 1326 1852 1354 1900; x_wconf 89' lang='lat' dir='ltr'>et</span> <span class='ocrx_word' id='word_1_164' title='bbox 1367 1844 1568 1899; x_wconf 87' lang='lat' dir='ltr'>institutionem</span> <span class='ocrx_word' id='word_1_165' title='bbox 1579 1840 1857 1898; x_wconf 84' lang='lat' dir='ltr'>Camalduleusinnr</span> <span class='ocrx_word' id='word_1_166' title='bbox 1870 1840 1975 1896; x_wconf 80' lang='lat' dir='ltr'>rnrna</span> 
     </span>
     <span class='ocr_line' id='line_1_16' title="bbox 325 1934 1976 2009; baseline -0.001 -19"><span class='ocrx_word' id='word_1_167' title='bbox 325 1936 458 2004; x_wconf 87' lang='lat' dir='ltr'>rendum,</span> <span class='ocrx_word' id='word_1_168' title='bbox 473 1938 641 2008; x_wconf 88' lang='lat' dir='ltr'>nequictem</span> <span class='ocrx_word' id='word_1_169' title='bbox 664 1947 787 1994; x_wconf 88' lang='lat' dir='ltr'>sanctam</span> <span class='ocrx_word' id='word_1_170' title='bbox 815 1939 977 2008; x_wconf 81' lang='lat' dir='ltr'>improbitas</span> <span class='ocrx_word' id='word_1_171' title='bbox 1002 1939 1121 2009; x_wconf 81' lang='lat' dir='ltr'>alicujus</span> <span class='ocrx_word' id='word_1_172' title='bbox 1171 1938 1199 1993; x_wconf 93' lang='lat' dir='ltr'>iu</span> <span class='ocrx_word' id='word_1_173' title='bbox 1223 1936 1393 1992; x_wconf 86' lang='lat' dir='ltr'>nronasterio</span> <span class='ocrx_word' id='word_1_174' title='bbox 1413 1944 1505 1992; x_wconf 88' lang='lat' dir='ltr'>restro</span> <span class='ocrx_word' id='word_1_175' title='bbox 1526 1935 1670 1990; x_wconf 73' lang='lat' dir='ltr'>institutus</span> <span class='ocrx_word' id='word_1_176' title='bbox 1698 1949 1772 1990; x_wconf 85' lang='lat' dir='ltr'>esse</span> <span class='ocrx_word' id='word_1_177' title='bbox 1799 1934 1976 2005; x_wconf 77' lang='lat' dir='ltr'>dignoscitur,</span> 
     </span>
    </p>
   </div>
   <div class='ocr_carea' id='block_1_6' title="bbox 220 2025 1975 2100">
    <p class='ocr_par' dir='ltr' id='par_1_8' title="bbox 220 2025 1975 2100">
     <span class='ocr_line' id='line_1_17' title="bbox 220 2025 1975 2100; baseline 0.002 -23"><span class='ocrx_word' id='word_1_178' title='bbox 220 2031 224 2040; x_wconf 91' lang='grc'><strong>’</strong></span> <span class='ocrx_word' id='word_1_179' title='bbox 325 2026 415 2081; x_wconf 84' lang='lat' dir='ltr'>valeat</span> <span class='ocrx_word' id='word_1_180' title='bbox 438 2028 615 2085; x_wconf 88' lang='lat' dir='ltr'>conturbare.</span> <span class='ocrx_word' id='word_1_181' title='bbox 642 2029 812 2100; x_wconf 84' lang='lat' dir='ltr'>Eapropter,</span> <span class='ocrx_word' id='word_1_182' title='bbox 844 2029 935 2086; x_wconf 84' lang='lat' dir='ltr'>dilecti</span> <span class='ocrx_word' id='word_1_183' title='bbox 951 2031 978 2085; x_wconf 89' lang='lat' dir='ltr'>in</span> <span class='ocrx_word' id='word_1_184' title='bbox 1002 2030 1120 2085; x_wconf 85' lang='lat' dir='ltr'>llornino</span> <span class='ocrx_word' id='word_1_185' title='bbox 1173 2030 1313 2100; x_wconf 87' lang='lat' dir='ltr'>perpetuis</span> <span class='ocrx_word' id='word_1_186' title='bbox 1334 2027 1436 2083; x_wconf 82' lang='lat' dir='ltr'>ibidem</span> <span class='ocrx_word' id='word_1_187' title='bbox 1455 2026 1623 2096; x_wconf 90' lang='lat' dir='ltr'>temporibus</span> <span class='ocrx_word' id='word_1_188' title='bbox 1646 2025 1868 2089; x_wconf 77' lang='lat' dir='ltr'>inviolabiliter</span> <span class='ocrx_word' id='word_1_189' title='bbox 1890 2026 1975 2080; x_wconf 82' lang='lat' dir='ltr'>ohser-</span> 
     </span>
    </p>
   </div>
   <div class='ocr_carea' id='block_1_7' title="bbox 315 2097 1974 3194">
    <p class='ocr_par' dir='ltr' id='par_1_9' title="bbox 315 2097 1974 2829">
     <span class='ocr_line' id='line_1_18' title="bbox 325 2097 1974 2190; baseline 0.001 -21"><span class='ocrx_word' id='word_1_190' title='bbox 325 2115 385 2179; x_wconf 91' lang='lat' dir='ltr'>lllii,</span> <span class='ocrx_word' id='word_1_191' title='bbox 398 2126 488 2172; x_wconf 86' lang='lat' dir='ltr'>restra</span> <span class='ocrx_word' id='word_1_192' title='bbox 511 2118 609 2172; x_wconf 90' lang='lat' dir='ltr'>humili</span> <span class='ocrx_word' id='word_1_193' title='bbox 627 2118 827 2187; x_wconf 73' lang='lat' dir='ltr'>supplscationc</span> <span class='ocrx_word' id='word_1_194' title='bbox 843 2118 958 2186; x_wconf 92' lang='lat' dir='ltr'>inducti,</span> <span class='ocrx_word' id='word_1_195' title='bbox 974 2119 1119 2190; x_wconf 77' lang='lat' dir='ltr'>praesenti·</span> <span class='ocrx_word' id='word_1_196' title='bbox 1172 2130 1259 2175; x_wconf 88' lang='lat' dir='ltr'>retur.</span> <span class='ocrx_word' id='word_1_197' title='bbox 1271 2117 1407 2173; x_wconf 78' lang='lat' dir='ltr'>Praetcrea</span> <span class='ocrx_word' id='word_1_198' title='bbox 1423 2097 1603 2187; x_wconf 76' lang='lat' dir='ltr'>quascunqhe</span> <span class='ocrx_word' id='word_1_199' title='bbox 1617 2115 1840 2185; x_wconf 83' lang='lat' dir='ltr'>possessiones,</span> <span class='ocrx_word' id='word_1_200' title='bbox 1853 2129 1974 2188; x_wconf 73' lang='lat' dir='ltr'>quater·</span> 
     </span>
     <span class='ocr_line' id='line_1_19' title="bbox 326 2204 1974 2285; baseline 0.002 -27"><span class='ocrx_word' id='word_1_201' title='bbox 326 2204 379 2260; x_wconf 92' lang='lat' dir='ltr'>bns</span> <span class='ocrx_word' id='word_1_202' title='bbox 394 2205 473 2261; x_wconf 85' lang='lat' dir='ltr'>robis</span> <span class='ocrx_word' id='word_1_203' title='bbox 488 2206 588 2263; x_wconf 86' lang='lat' dir='ltr'>litteris</span> <span class='ocrx_word' id='word_1_204' title='bbox 601 2208 787 2278; x_wconf 78' lang='lat' dir='ltr'>indulgemus,</span> <span class='ocrx_word' id='word_1_205' title='bbox 813 2217 844 2263; x_wconf 87' lang='lat' dir='ltr'>ut</span> <span class='ocrx_word' id='word_1_206' title='bbox 861 2209 1021 2280; x_wconf 84' lang='lat' dir='ltr'>quicunque</span> <span class='ocrx_word' id='word_1_207' title='bbox 1049 2208 1119 2265; x_wconf 88' lang='lat' dir='ltr'>inlc·</span> <span class='ocrx_word' id='word_1_208' title='bbox 1170 2230 1225 2285; x_wconf 87' lang='lat' dir='ltr'>qrrc</span> <span class='ocrx_word' id='word_1_209' title='bbox 1247 2214 1321 2268; x_wconf 91' lang='lat' dir='ltr'>hona</span> <span class='ocrx_word' id='word_1_210' title='bbox 1343 2212 1415 2267; x_wconf 90' lang='lat' dir='ltr'>idern</span> <span class='ocrx_word' id='word_1_211' title='bbox 1427 2208 1624 2266; x_wconf 88' lang='lat' dir='ltr'>monasterium</span> <span class='ocrx_word' id='word_1_212' title='bbox 1638 2209 1901 2279; x_wconf 80' lang='lat' dir='ltr'>inpraesentiarum</span> <span class='ocrx_word' id='word_1_213' title='bbox 1912 2209 1974 2278; x_wconf 73' lang='lat' dir='ltr'>jasir</span> 
     </span>
     <span class='ocr_line' id='line_1_20' title="bbox 326 2295 1971 2374; baseline 0 -24"><span class='ocrx_word' id='word_1_214' title='bbox 326 2295 563 2368; x_wconf 86' lang='lat' dir='ltr'>riorisreligionis</span> <span class='ocrx_word' id='word_1_215' title='bbox 578 2299 670 2354; x_wconf 89' lang='lat' dir='ltr'>elerici</span> <span class='ocrx_word' id='word_1_216' title='bbox 684 2300 742 2355; x_wconf 88' lang='lat' dir='ltr'>sire</span> <span class='ocrx_word' id='word_1_217' title='bbox 757 2299 831 2365; x_wconf 91' lang='lat' dir='ltr'>laici,</span> <span class='ocrx_word' id='word_1_218' title='bbox 847 2302 881 2354; x_wconf 88' lang='lat' dir='ltr'>ad</span> <span class='ocrx_word' id='word_1_219' title='bbox 908 2301 1012 2357; x_wconf 88' lang='lat' dir='ltr'>ordinis</span> <span class='ocrx_word' id='word_1_220' title='bbox 1035 2302 1118 2356; x_wconf 87' lang='lat' dir='ltr'>resni</span> <span class='ocrx_word' id='word_1_221' title='bbox 1170 2315 1198 2362; x_wconf 89' lang='lat' dir='ltr'>et</span> <span class='ocrx_word' id='word_1_222' title='bbox 1213 2305 1345 2361; x_wconf 76' lang='lat' dir='ltr'>canonice</span> <span class='ocrx_word' id='word_1_223' title='bbox 1367 2302 1500 2374; x_wconf 76' lang='lat' dir='ltr'>possidet,</span> <span class='ocrx_word' id='word_1_224' title='bbox 1520 2309 1568 2356; x_wconf 79' lang='lat' dir='ltr'>aur</span> <span class='ocrx_word' id='word_1_225' title='bbox 1589 2300 1617 2356; x_wconf 82' lang='lat' dir='ltr'>in</span> <span class='ocrx_word' id='word_1_226' title='bbox 1638 2299 1773 2355; x_wconf 82' lang='lat' dir='ltr'>tutorum</span> <span class='ocrx_word' id='word_1_227' title='bbox 1798 2298 1971 2356; x_wconf 60' lang='lat' dir='ltr'>contensiose</span> 
     </span>
     <span class='ocr_line' id='line_1_21' title="bbox 325 2388 1970 2469; baseline 0.002 -28"><span class='ocrx_word' id='word_1_228' title='bbox 325 2388 497 2458; x_wconf 90' lang='lat' dir='ltr'>propositum</span> <span class='ocrx_word' id='word_1_229' title='bbox 516 2389 646 2444; x_wconf 79' lang='lat' dir='ltr'>duxerint</span> <span class='ocrx_word' id='word_1_230' title='bbox 661 2389 878 2456; x_wconf 87' lang='lat' dir='ltr'>ascendendum,</span> <span class='ocrx_word' id='word_1_231' title='bbox 901 2389 1017 2444; x_wconf 90' lang='lat' dir='ltr'>liberum</span> <span class='ocrx_word' id='word_1_232' title='bbox 1041 2391 1119 2446; x_wconf 89' lang='lat' dir='ltr'>robis</span> <span class='ocrx_word' id='word_1_233' title='bbox 1170 2397 1342 2469; x_wconf 77' lang='lat' dir='ltr'>pontificum,</span> <span class='ocrx_word' id='word_1_234' title='bbox 1357 2396 1502 2467; x_wconf 73' lang='lat' dir='ltr'>largitione</span> <span class='ocrx_word' id='word_1_235' title='bbox 1516 2407 1611 2464; x_wconf 79' lang='lat' dir='ltr'>regum</span> <span class='ocrx_word' id='word_1_236' title='bbox 1632 2391 1675 2447; x_wconf 83' lang='lat' dir='ltr'>rel</span> <span class='ocrx_word' id='word_1_237' title='bbox 1699 2391 1886 2462; x_wconf 89' lang='lat' dir='ltr'>principum,</span> <span class='ocrx_word' id='word_1_238' title='bbox 1908 2391 1970 2446; x_wconf 85' lang='lat' dir='ltr'>olia-</span> 
     </span>
     <span class='ocr_line' id='line_1_22' title="bbox 315 2471 1969 2558; baseline -0.002 -22"><span class='ocrx_word' id='word_1_239' title='bbox 315 2478 362 2537; x_wconf 79' lang='lat' dir='ltr'>sit</span> <span class='ocrx_word' id='word_1_240' title='bbox 377 2495 424 2535; x_wconf 89' lang='lat' dir='ltr'>eos</span> <span class='ocrx_word' id='word_1_241' title='bbox 439 2480 604 2551; x_wconf 88' lang='lat' dir='ltr'>reciperede</span> <span class='ocrx_word' id='word_1_242' title='bbox 614 2481 726 2556; x_wconf 81' lang='lat' dir='ltr'>lieentia</span> <span class='ocrx_word' id='word_1_243' title='bbox 740 2491 846 2548; x_wconf 89' lang='lat' dir='ltr'>nostra,</span> <span class='ocrx_word' id='word_1_244' title='bbox 861 2492 888 2536; x_wconf 87' lang='lat' dir='ltr'>ct</span> <span class='ocrx_word' id='word_1_245' title='bbox 899 2493 1023 2553; x_wconf 88' lang='lat' dir='ltr'>receptos</span> <span class='ocrx_word' id='word_1_246' title='bbox 1042 2493 1119 2553; x_wconf 90' lang='lat' dir='ltr'>post·</span> <span class='ocrx_word' id='word_1_247' title='bbox 1172 2489 1245 2558; x_wconf 80' lang='lat' dir='ltr'>tione</span> <span class='ocrx_word' id='word_1_248' title='bbox 1255 2487 1385 2552; x_wconf 88' lang='lat' dir='ltr'>llrlclium,</span> <span class='ocrx_word' id='word_1_249' title='bbox 1398 2492 1446 2540; x_wconf 82' lang='lat' dir='ltr'>aut</span> <span class='ocrx_word' id='word_1_250' title='bbox 1459 2482 1613 2553; x_wconf 84' lang='lat' dir='ltr'>aliisjustis</span> <span class='ocrx_word' id='word_1_251' title='bbox 1625 2471 1730 2544; x_wconf 75' lang='lat' dir='ltr'>modis,¹</span> <span class='ocrx_word' id='word_1_252' title='bbox 1747 2489 1909 2552; x_wconf 86' lang='lat' dir='ltr'>praestante</span> <span class='ocrx_word' id='word_1_253' title='bbox 1926 2479 1969 2533; x_wconf 82' lang='lat' dir='ltr'>lia·</span> 
     </span>
     <span class='ocr_line' id='line_1_23' title="bbox 326 2570 1968 2648; baseline -0.001 -24"><span class='ocrx_word' id='word_1_254' title='bbox 326 2587 409 2641; x_wconf 91' lang='lat' dir='ltr'>quam</span> <span class='ocrx_word' id='word_1_255' title='bbox 435 2571 635 2641; x_wconf 79' lang='lat' dir='ltr'>professionem</span> <span class='ocrx_word' id='word_1_256' title='bbox 662 2588 746 2646; x_wconf 84' lang='lat' dir='ltr'>penes</span> <span class='ocrx_word' id='word_1_257' title='bbox 769 2588 820 2628; x_wconf 85' lang='lat' dir='ltr'>ros</span> <span class='ocrx_word' id='word_1_258' title='bbox 833 2570 959 2640; x_wconf 87' lang='lat' dir='ltr'>iecerint,</span> <span class='ocrx_word' id='word_1_259' title='bbox 989 2573 1118 2639; x_wconf 87' lang='lat' dir='ltr'>retinere,</span> <span class='ocrx_word' id='word_1_260' title='bbox 1171 2580 1257 2645; x_wconf 77' lang='lat' dir='ltr'>raino,</span> <span class='ocrx_word' id='word_1_261' title='bbox 1279 2577 1382 2648; x_wconf 87' lang='lat' dir='ltr'>poterit</span> <span class='ocrx_word' id='word_1_262' title='bbox 1399 2574 1526 2644; x_wconf 88' lang='lat' dir='ltr'>adipisci,</span> <span class='ocrx_word' id='word_1_263' title='bbox 1545 2572 1623 2626; x_wconf 88' lang='lat' dir='ltr'>hrrna</span> <span class='ocrx_word' id='word_1_264' title='bbox 1639 2570 1722 2625; x_wconf 84' lang='lat' dir='ltr'>rolris</span> <span class='ocrx_word' id='word_1_265' title='bbox 1739 2571 1968 2642; x_wconf 66' lang='grc' dir='ltr'>ιϊιιιῖειιιιιειιιιι1</span> 
     </span>
     <span class='ocr_line' id='line_1_24' title="bbox 324 2659 1968 2736; baseline -0.003 -17"><span class='ocrx_word' id='word_1_266' title='bbox 324 2662 409 2719; x_wconf 82' lang='lat' dir='ltr'>saluis</span> <span class='ocrx_word' id='word_1_267' title='bbox 423 2673 514 2720; x_wconf 88' lang='lat' dir='ltr'>tamen</span> <span class='ocrx_word' id='word_1_268' title='bbox 530 2663 680 2734; x_wconf 82' lang='lat' dir='ltr'>privilegiis</span> <span class='ocrx_word' id='word_1_269' title='bbox 693 2679 775 2736; x_wconf 92' lang='lat' dir='ltr'>super</span> <span class='ocrx_word' id='word_1_270' title='bbox 793 2664 845 2719; x_wconf 89' lang='lat' dir='ltr'>hoc</span> <span class='ocrx_word' id='word_1_271' title='bbox 860 2680 876 2720; x_wconf 82' lang='lat' dir='ltr'>a</span> <span class='ocrx_word' id='word_1_272' title='bbox 891 2666 955 2720; x_wconf 88' lang='lat' dir='ltr'>sede</span> <span class='ocrx_word' id='word_1_273' title='bbox 969 2666 1119 2736; x_wconf 89' lang='lat' dir='ltr'>apostolica</span> <span class='ocrx_word' id='word_1_274' title='bbox 1170 2668 1328 2725; x_wconf 87' lang='lat' dir='ltr'>cessoribns</span> <span class='ocrx_word' id='word_1_275' title='bbox 1352 2675 1380 2722; x_wconf 94' lang='lat' dir='ltr'>et</span> <span class='ocrx_word' id='word_1_276' title='bbox 1404 2663 1507 2720; x_wconf 90' lang='lat' dir='ltr'>illibata</span> <span class='ocrx_word' id='word_1_277' title='bbox 1527 2667 1720 2733; x_wconf 86' lang='lat' dir='ltr'>permaneant,</span> <span class='ocrx_word' id='word_1_278' title='bbox 1741 2659 1774 2714; x_wconf 90' lang='lat' dir='ltr'>in</span> <span class='ocrx_word' id='word_1_279' title='bbox 1801 2662 1908 2731; x_wconf 84' lang='lat' dir='ltr'>quihus</span> <span class='ocrx_word' id='word_1_280' title='bbox 1922 2661 1968 2714; x_wconf 73' lang='lat' dir='ltr'>hat</span> 
     </span>
     <span class='ocr_line' id='line_1_25' title="bbox 326 2747 1822 2829; baseline 0.003 -28"><span class='ocrx_word' id='word_1_281' title='bbox 326 2747 490 2819; x_wconf 84' lang='lat' dir='ltr'>impetratis.</span> <span class='ocrx_word' id='word_1_282' title='bbox 506 2752 535 2806; x_wconf 89' lang='lat' dir='ltr'>Si</span> <span class='ocrx_word' id='word_1_283' title='bbox 551 2767 617 2807; x_wconf 86' lang='lat' dir='ltr'>uero</span> <span class='ocrx_word' id='word_1_284' title='bbox 636 2752 870 2824; x_wconf 82' lang='lat' dir='ltr'>privilegiatorum</span> <span class='ocrx_word' id='word_1_285' title='bbox 886 2753 988 2827; x_wconf 82' lang='lat' dir='ltr'>aliquis</span> <span class='ocrx_word' id='word_1_286' title='bbox 1005 2771 1049 2826; x_wconf 91' lang='lat' dir='ltr'>per</span> <span class='ocrx_word' id='word_1_287' title='bbox 1067 2771 1118 2810; x_wconf 91' lang='lat' dir='ltr'>an·</span> <span class='ocrx_word' id='word_1_288' title='bbox 1170 2757 1292 2829; x_wconf 91' lang='lat' dir='ltr'>propriis</span> <span class='ocrx_word' id='word_1_289' title='bbox 1307 2757 1437 2812; x_wconf 84' lang='lat' dir='ltr'>duximus</span> <span class='ocrx_word' id='word_1_290' title='bbox 1449 2752 1627 2825; x_wconf 79' lang='lat' dir='ltr'>exprimenda</span> <span class='ocrx_word' id='word_1_291' title='bbox 1639 2751 1790 2806; x_wconf 87' lang='lat' dir='ltr'>rocahulis</span> <span class='ocrx_word' id='word_1_292' title='bbox 1813 2769 1822 2806; x_wconf 80' lang='lat' dir='ltr'>r</span> 
     </span>
    </p>

    <p class='ocr_par' dir='ltr' id='par_1_10' title="bbox 325 2840 1967 3194">
     <span class='ocr_line' id='line_1_26' title="bbox 326 2840 1967 2920; baseline 0.007 -26"><span class='ocrx_word' id='word_1_293' title='bbox 326 2856 405 2907; x_wconf 88' lang='lat' dir='ltr'>nuru,</span> <span class='ocrx_word' id='word_1_294' title='bbox 422 2852 567 2914; x_wconf 81' lang='lat' dir='ltr'>postquam</span> <span class='ocrx_word' id='word_1_295' title='bbox 583 2842 718 2899; x_wconf 87' lang='lat' dir='ltr'>iratribus</span> <span class='ocrx_word' id='word_1_296' title='bbox 730 2844 832 2901; x_wconf 80' lang='lat' dir='ltr'>doinus</span> <span class='ocrx_word' id='word_1_297' title='bbox 846 2846 998 2901; x_wconf 87' lang='lat' dir='ltr'>innotuerit</span> <span class='ocrx_word' id='word_1_298' title='bbox 1010 2848 1043 2903; x_wconf 93' lang='lat' dir='ltr'>de</span> <span class='ocrx_word' id='word_1_299' title='bbox 1063 2863 1120 2917; x_wconf 80' lang='lat' dir='ltr'>nuo</span> <span class='ocrx_word' id='word_1_300' title='bbox 1205 2847 1307 2904; x_wconf 87' lang='lat' dir='ltr'>Locum</span> <span class='ocrx_word' id='word_1_301' title='bbox 1322 2848 1411 2920; x_wconf 90' lang='lat' dir='ltr'>ipsum</span> <span class='ocrx_word' id='word_1_302' title='bbox 1429 2847 1457 2901; x_wconf 92' lang='lat' dir='ltr'>in</span> <span class='ocrx_word' id='word_1_303' title='bbox 1479 2859 1535 2916; x_wconf 89' lang='lat' dir='ltr'>quo</span> <span class='ocrx_word' id='word_1_304' title='bbox 1550 2843 1695 2915; x_wconf 66' lang='lat' dir='ltr'>praeratum</span> <span class='ocrx_word' id='word_1_305' title='bbox 1712 2843 1925 2900; x_wconf 78' lang='lat' dir='ltr'>ntottasterium</span> <span class='ocrx_word' id='word_1_306' title='bbox 1937 2840 1967 2896; x_wconf 68' lang='lat'>⁵5·</span> 
     </span>
     <span class='ocr_line' id='line_1_27' title="bbox 325 2935 1966 3008; baseline 0.001 -21"><span class='ocrx_word' id='word_1_307' title='bbox 325 2946 455 3003; x_wconf 90' lang='lat' dir='ltr'>cgrcssus</span> <span class='ocrx_word' id='word_1_308' title='bbox 467 2944 518 3002; x_wconf 86' lang='lat' dir='ltr'>est,</span> <span class='ocrx_word' id='word_1_309' title='bbox 535 2935 607 3007; x_wconf 91' lang='lat' dir='ltr'>apud</span> <span class='ocrx_word' id='word_1_310' title='bbox 622 2951 672 2991; x_wconf 86' lang='lat' dir='ltr'>ros</span> <span class='ocrx_word' id='word_1_311' title='bbox 687 2951 741 2991; x_wconf 90' lang='lat' dir='ltr'>non</span> <span class='ocrx_word' id='word_1_312' title='bbox 757 2938 909 3008; x_wconf 89' lang='lat' dir='ltr'>requisitus</span> <span class='ocrx_word' id='word_1_313' title='bbox 925 2954 1030 2994; x_wconf 90' lang='lat' dir='ltr'>moram</span> <span class='ocrx_word' id='word_1_314' title='bbox 1047 2939 1120 2995; x_wconf 83' lang='lat' dir='ltr'>lecc-</span> <span class='ocrx_word' id='word_1_315' title='bbox 1171 2948 1229 2994; x_wconf 88' lang='lat' dir='ltr'>tom</span> <span class='ocrx_word' id='word_1_316' title='bbox 1250 2948 1303 3007; x_wconf 87' lang='lat' dir='ltr'>est,</span> <span class='ocrx_word' id='word_1_317' title='bbox 1326 2954 1390 2995; x_wconf 90' lang='lat' dir='ltr'>cum</span> <span class='ocrx_word' id='word_1_318' title='bbox 1414 2937 1493 3008; x_wconf 89' lang='lat' dir='ltr'>plebe</span> <span class='ocrx_word' id='word_1_319' title='bbox 1507 2946 1535 2992; x_wconf 89' lang='lat' dir='ltr'>et</span> <span class='ocrx_word' id='word_1_320' title='bbox 1548 2936 1678 2992; x_wconf 91' lang='lat' dir='ltr'>omnibus</span> <span class='ocrx_word' id='word_1_321' title='bbox 1695 2936 1883 3005; x_wconf 87' lang='lat' dir='ltr'>pertinentiis</span> <span class='ocrx_word' id='word_1_322' title='bbox 1897 2935 1966 3000; x_wconf 76' lang='lat' dir='ltr'>suis,</span> 
     </span>
     <span class='ocr_line' id='line_1_28' title="bbox 325 3025 1966 3102; baseline 0.002 -23"><span class='ocrx_word' id='word_1_323' title='bbox 325 3026 373 3096; x_wconf 78' lang='lat' dir='ltr'>rit,</span> <span class='ocrx_word' id='word_1_324' title='bbox 389 3036 484 3096; x_wconf 88' lang='lat' dir='ltr'>postea</span> <span class='ocrx_word' id='word_1_325' title='bbox 501 3044 555 3083; x_wconf 90' lang='lat' dir='ltr'>non</span> <span class='ocrx_word' id='word_1_326' title='bbox 571 3029 634 3084; x_wconf 88' lang='lat' dir='ltr'>lieet</span> <span class='ocrx_word' id='word_1_327' title='bbox 646 3028 670 3084; x_wconf 91' lang='lat' dir='ltr'>ei</span> <span class='ocrx_word' id='word_1_328' title='bbox 689 3029 813 3085; x_wconf 89' lang='lat' dir='ltr'>ordinem</span> <span class='ocrx_word' id='word_1_329' title='bbox 835 3039 956 3086; x_wconf 90' lang='lat' dir='ltr'>restrum</span> <span class='ocrx_word' id='word_1_330' title='bbox 979 3032 1117 3097; x_wconf 86' lang='lat' dir='ltr'>deserere,</span> <span class='ocrx_word' id='word_1_331' title='bbox 1170 3030 1314 3087; x_wconf 87' lang='lat' dir='ltr'>ecclesiam</span> <span class='ocrx_word' id='word_1_332' title='bbox 1325 3027 1538 3085; x_wconf 84' lang='lat' dir='ltr'>Serretihlartini</span> <span class='ocrx_word' id='word_1_333' title='bbox 1553 3025 1694 3102; x_wconf 70' lang='lat' dir='ltr'>decollis.</span> <span class='ocrx_word' id='word_1_334' title='bbox 1708 3027 1867 3084; x_wconf 85' lang='lat' dir='ltr'>ecclesiam</span> <span class='ocrx_word' id='word_1_335' title='bbox 1882 3025 1966 3082; x_wconf 80' lang='lat' dir='ltr'>Sanch</span> 
     </span>
     <span class='ocr_line' id='line_1_29' title="bbox 326 3115 1965 3194; baseline 0.016 -26"><span class='ocrx_word' id='word_1_336' title='bbox 326 3116 368 3169; x_wconf 87' lang='lat' dir='ltr'>rel</span> <span class='ocrx_word' id='word_1_337' title='bbox 384 3117 418 3170; x_wconf 89' lang='lat' dir='ltr'>ah</span> <span class='ocrx_word' id='word_1_338' title='bbox 429 3118 490 3188; x_wconf 89' lang='lat' dir='ltr'>ipso</span> <span class='ocrx_word' id='word_1_339' title='bbox 501 3133 549 3189; x_wconf 86' lang='lat' dir='ltr'>per</span> <span class='ocrx_word' id='word_1_340' title='bbox 562 3121 722 3176; x_wconf 78' lang='lat' dir='ltr'>violentiam</span> <span class='ocrx_word' id='word_1_341' title='bbox 739 3125 873 3179; x_wconf 88' lang='lat' dir='ltr'>revocari.</span> <span class='ocrx_word' id='word_1_342' title='bbox 890 3124 1118 3185; x_wconf 76' lang='lat' dir='ltr'>consecrationis</span> <span class='ocrx_word' id='word_1_343' title='bbox 1170 3122 1276 3178; x_wconf 81' lang='lat' dir='ltr'>Nicolai</span> <span class='ocrx_word' id='word_1_344' title='bbox 1290 3122 1323 3177; x_wconf 91' lang='lat' dir='ltr'>de</span> <span class='ocrx_word' id='word_1_345' title='bbox 1337 3121 1487 3192; x_wconf 70' lang='lat' dir='ltr'>cipriano.</span> <span class='ocrx_word' id='word_1_346' title='bbox 1501 3118 1646 3175; x_wconf 58' lang='lat' dir='ltr'>eldelmi</span> <span class='ocrx_word' id='word_1_347' title='bbox 1660 3115 1758 3173; x_wconf 50' lang='lat' dir='ltr'>Saleii</span> <span class='ocrx_word' id='word_1_348' title='bbox 1774 3116 1965 3194; x_wconf 61' lang='lat' dir='ltr'>0¹¹¹⁵⁵l⁰l¹¹⁰f³</span> 
     </span>
    </p>
   </div>
   <div class='ocr_carea' id='block_1_8' title="bbox 226 3208 1966 3284">
    <p class='ocr_par' dir='ltr' id='par_1_11' title="bbox 226 3208 1966 3284">
     <span class='ocr_line' id='line_1_30' title="bbox 226 3208 1966 3284; baseline 0.004 -27"><span class='ocrx_word' id='word_1_349' title='bbox 226 3222 231 3230; x_wconf 66' lang='lat'>¹</span> <span class='ocrx_word' id='word_1_350' title='bbox 325 3220 437 3274; x_wconf 69' lang='lat' dir='ltr'>quogue</span> <span class='ocrx_word' id='word_1_351' title='bbox 451 3208 643 3278; x_wconf 87' lang='lat' dir='ltr'>ecclesiarum,</span> <span class='ocrx_word' id='word_1_352' title='bbox 659 3211 846 3267; x_wconf 87' lang='lat' dir='ltr'>ordinationes</span> <span class='ocrx_word' id='word_1_353' title='bbox 859 3214 1065 3283; x_wconf 86' lang='lat' dir='ltr'>elericorunr,si</span> <span class='ocrx_word' id='word_1_354' title='bbox 1079 3218 1120 3272; x_wconf 88' lang='grc' dir='ltr'>ιιΙ</span> <span class='ocrx_word' id='word_1_355' title='bbox 1171 3216 1205 3271; x_wconf 84' lang='lat' dir='ltr'>de</span> <span class='ocrx_word' id='word_1_356' title='bbox 1231 3213 1369 3280; x_wconf 85' lang='lat' dir='ltr'>Bantiara,</span> <span class='ocrx_word' id='word_1_357' title='bbox 1385 3212 1430 3284; x_wconf 85' lang='lat' dir='ltr'>jus</span> <span class='ocrx_word' id='word_1_358' title='bbox 1449 3210 1524 3282; x_wconf 81' lang='lat' dir='ltr'>quod</span> <span class='ocrx_word' id='word_1_359' title='bbox 1543 3209 1651 3266; x_wconf 87' lang='lat' dir='ltr'>hahetis</span> <span class='ocrx_word' id='word_1_360' title='bbox 1666 3208 1695 3263; x_wconf 89' lang='lat' dir='ltr'>in</span> <span class='ocrx_word' id='word_1_361' title='bbox 1712 3209 1839 3266; x_wconf 84' lang='lat' dir='ltr'>ecclesia</span> <span class='ocrx_word' id='word_1_362' title='bbox 1863 3210 1899 3265; x_wconf 83' lang='lat' dir='ltr'>dc</span> <span class='ocrx_word' id='word_1_363' title='bbox 1911 3223 1966 3265; x_wconf 81' lang='lat' dir='ltr'>aas·</span> 
     </span>
    </p>
   </div>
   <div class='ocr_carea' id='block_1_9' title="bbox 272 3293 1967 5020">
    <p class='ocr_par' dir='ltr' id='par_1_12' title="bbox 272 3293 1967 5020">
     <span class='ocr_line' id='line_1_31' title="bbox 326 3293 1966 3377; baseline -0.005 -14"><span class='ocrx_word' id='word_1_364' title='bbox 326 3295 431 3363; x_wconf 61' lang='lat' dir='ltr'>{imbrii</span> <span class='ocrx_word' id='word_1_365' title='bbox 443 3296 564 3367; x_wconf 65' lang='lat' dir='ltr'>episcopi</span> <span class='ocrx_word' id='word_1_366' title='bbox 580 3314 634 3353; x_wconf 83' lang='lat' dir='ltr'>rron</span> <span class='ocrx_word' id='word_1_367' title='bbox 648 3299 800 3357; x_wconf 87' lang='lat' dir='ltr'>habueritis</span> <span class='ocrx_word' id='word_1_368' title='bbox 815 3306 933 3374; x_wconf 91' lang='lat' dir='ltr'>copiam,</span> <span class='ocrx_word' id='word_1_369' title='bbox 959 3307 1002 3361; x_wconf 87' lang='lat' dir='ltr'>rel</span> <span class='ocrx_word' id='word_1_370' title='bbox 1027 3309 1120 3377; x_wconf 80' lang='lat' dir='ltr'>rerpd·</span> <span class='ocrx_word' id='word_1_371' title='bbox 1171 3307 1236 3363; x_wconf 88' lang='lat' dir='ltr'>tello</span> <span class='ocrx_word' id='word_1_372' title='bbox 1250 3293 1386 3371; x_wconf 71' lang='lat' dir='ltr'>de&#39;t&#39;abe,</span> <span class='ocrx_word' id='word_1_373' title='bbox 1402 3303 1548 3360; x_wconf 87' lang='lat' dir='ltr'>ecclesiam</span> <span class='ocrx_word' id='word_1_374' title='bbox 1572 3301 1659 3357; x_wconf 90' lang='lat' dir='ltr'>sarrcti</span> <span class='ocrx_word' id='word_1_375' title='bbox 1684 3299 1836 3358; x_wconf 83' lang='lat' dir='ltr'>Laurentii</span> <span class='ocrx_word' id='word_1_376' title='bbox 1853 3302 1888 3358; x_wconf 83' lang='lat' dir='ltr'>de</span> <span class='ocrx_word' id='word_1_377' title='bbox 1898 3302 1966 3357; x_wconf 83' lang='lat' dir='ltr'>Saxo</span> 
     </span>
     <span class='ocr_line' id='line_1_32' title="bbox 326 3386 1967 3468; baseline 0.005 -28"><span class='ocrx_word' id='word_1_378' title='bbox 326 3386 397 3441; x_wconf 88' lang='lat' dir='ltr'>situs</span> <span class='ocrx_word' id='word_1_379' title='bbox 411 3395 542 3456; x_wconf 73' lang='lat' dir='ltr'>praestare</span> <span class='ocrx_word' id='word_1_380' title='bbox 553 3389 683 3457; x_wconf 89' lang='lat' dir='ltr'>noluerit,</span> <span class='ocrx_word' id='word_1_381' title='bbox 694 3404 775 3460; x_wconf 90' lang='lat' dir='ltr'>prout</span> <span class='ocrx_word' id='word_1_382' title='bbox 789 3394 880 3462; x_wconf 89' lang='lat' dir='ltr'>debet,</span> <span class='ocrx_word' id='word_1_383' title='bbox 893 3396 998 3452; x_wconf 75' lang='lat' dir='ltr'>liciturn</span> <span class='ocrx_word' id='word_1_384' title='bbox 1011 3398 1047 3453; x_wconf 93' lang='lat' dir='ltr'>sit</span> <span class='ocrx_word' id='word_1_385' title='bbox 1067 3391 1118 3454; x_wconf 82' lang='lat' dir='ltr'>ro·</span> <span class='ocrx_word' id='word_1_386' title='bbox 1133 3408 1154 3465; x_wconf 92' lang='lat' dir='ltr'><strong>c</strong></span> <span class='ocrx_word' id='word_1_387' title='bbox 1171 3415 1261 3468; x_wconf 89' lang='lat' dir='ltr'>sp....,</span> <span class='ocrx_word' id='word_1_388' title='bbox 1275 3397 1418 3453; x_wconf 84' lang='lat' dir='ltr'>eeclesiam</span> <span class='ocrx_word' id='word_1_389' title='bbox 1435 3395 1542 3452; x_wconf 78' lang='lat' dir='ltr'>Sanctae</span> <span class='ocrx_word' id='word_1_390' title='bbox 1556 3393 1647 3449; x_wconf 77' lang='lat' dir='ltr'>llarin</span> <span class='ocrx_word' id='word_1_391' title='bbox 1672 3393 1706 3450; x_wconf 88' lang='lat' dir='ltr'>dc</span> <span class='ocrx_word' id='word_1_392' title='bbox 1732 3391 1853 3462; x_wconf 85' lang='lat' dir='ltr'>Friceo,</span> <span class='ocrx_word' id='word_1_393' title='bbox 1881 3395 1967 3451; x_wconf 63' lang='lat' dir='ltr'>eete-</span> 
     </span>
     <span class='ocr_line' id='line_1_33' title="bbox 327 3475 1966 3562; baseline 0.007 -32"><span class='ocrx_word' id='word_1_394' title='bbox 327 3475 370 3532; x_wconf 92' lang='lat' dir='ltr'>bis</span> <span class='ocrx_word' id='word_1_395' title='bbox 389 3494 405 3534; x_wconf 88' lang='lat' dir='ltr'>a</span> <span class='ocrx_word' id='word_1_396' title='bbox 425 3495 592 3551; x_wconf 85' lang='lat' dir='ltr'>quocunque</span> <span class='ocrx_word' id='word_1_397' title='bbox 604 3484 746 3553; x_wconf 89' lang='lat' dir='ltr'>postolare</span> <span class='ocrx_word' id='word_1_398' title='bbox 761 3487 911 3558; x_wconf 87' lang='lat' dir='ltr'>cpiscopo;</span> <span class='ocrx_word' id='word_1_399' title='bbox 930 3492 979 3560; x_wconf 84' lang='lat' dir='ltr'>qni</span> <span class='ocrx_word' id='word_1_400' title='bbox 1006 3493 1120 3562; x_wconf 83' lang='lat' dir='ltr'>legatus</span> <span class='ocrx_word' id='word_1_401' title='bbox 1173 3490 1242 3544; x_wconf 91' lang='lat' dir='ltr'>siarn</span> <span class='ocrx_word' id='word_1_402' title='bbox 1256 3487 1350 3544; x_wconf 85' lang='lat' dir='ltr'>Sancti</span> <span class='ocrx_word' id='word_1_403' title='bbox 1361 3486 1476 3544; x_wconf 82' lang='lat' dir='ltr'>ioannis</span> <span class='ocrx_word' id='word_1_404' title='bbox 1490 3487 1524 3541; x_wconf 88' lang='lat' dir='ltr'>do</span> <span class='ocrx_word' id='word_1_405' title='bbox 1538 3483 1706 3550; x_wconf 83' lang='lat' dir='ltr'>Casteilano,</span> <span class='ocrx_word' id='word_1_406' title='bbox 1727 3485 1880 3542; x_wconf 77' lang='lat' dir='ltr'>eeclesiam</span> <span class='ocrx_word' id='word_1_407' title='bbox 1900 3485 1966 3541; x_wconf 80' lang='lat' dir='ltr'>Sau-</span> 
     </span>
     <span class='ocr_line' id='line_1_34' title="bbox 326 3569 1965 3646; baseline 0.006 -22"><span class='ocrx_word' id='word_1_408' title='bbox 326 3569 361 3624; x_wconf 83' lang='lat' dir='ltr'>ad</span> <span class='ocrx_word' id='word_1_409' title='bbox 376 3572 508 3629; x_wconf 88' lang='lat' dir='ltr'>eeclesias</span> <span class='ocrx_word' id='word_1_410' title='bbox 523 3583 629 3631; x_wconf 85' lang='lat' dir='ltr'>vestras</span> <span class='ocrx_word' id='word_1_411' title='bbox 641 3579 787 3645; x_wconf 90' lang='lat' dir='ltr'>accedens,</span> <span class='ocrx_word' id='word_1_412' title='bbox 800 3597 878 3637; x_wconf 86' lang='lat' dir='ltr'>sacra</span> <span class='ocrx_word' id='word_1_413' title='bbox 901 3582 978 3641; x_wconf 88' lang='lat' dir='ltr'>robis</span> <span class='ocrx_word' id='word_1_414' title='bbox 993 3600 1120 3642; x_wconf 85' lang='lat' dir='ltr'>necessa·</span> <span class='ocrx_word' id='word_1_415' title='bbox 1171 3592 1222 3636; x_wconf 74' lang='lat' dir='ltr'>ctae</span> <span class='ocrx_word' id='word_1_416' title='bbox 1235 3579 1327 3635; x_wconf 74' lang='lat' dir='ltr'>llariar</span> <span class='ocrx_word' id='word_1_417' title='bbox 1344 3579 1378 3634; x_wconf 91' lang='lat' dir='ltr'>de</span> <span class='ocrx_word' id='word_1_418' title='bbox 1394 3577 1540 3633; x_wconf 89' lang='lat' dir='ltr'>Urnhracia</span> <span class='ocrx_word' id='word_1_419' title='bbox 1555 3592 1618 3632; x_wconf 90' lang='lat' dir='ltr'>cum</span> <span class='ocrx_word' id='word_1_420' title='bbox 1644 3574 1794 3633; x_wconf 80' lang='lat' dir='ltr'>nredtetaae</span> <span class='ocrx_word' id='word_1_421' title='bbox 1807 3580 1909 3646; x_wconf 86' lang='lat' dir='ltr'>curtis,</span> <span class='ocrx_word' id='word_1_422' title='bbox 1924 3596 1965 3635; x_wconf 85' lang='lat' dir='ltr'>ec·</span> 
     </span>
     <span class='ocr_line' id='line_1_35' title="bbox 326 3659 1966 3743; baseline 0.007 -29"><span class='ocrx_word' id='word_1_423' title='bbox 326 3659 379 3727; x_wconf 87' lang='lat' dir='ltr'>ria,</span> <span class='ocrx_word' id='word_1_424' title='bbox 396 3672 490 3719; x_wconf 89' lang='lat' dir='ltr'>nostra</span> <span class='ocrx_word' id='word_1_425' title='bbox 506 3663 593 3722; x_wconf 80' lang='lat' dir='ltr'>laetus</span> <span class='ocrx_word' id='word_1_426' title='bbox 608 3670 773 3726; x_wconf 87' lang='lat' dir='ltr'>auctoritate</span> <span class='ocrx_word' id='word_1_427' title='bbox 791 3672 940 3743; x_wconf 89' lang='lat' dir='ltr'>impendat.</span> <span class='ocrx_word' id='word_1_428' title='bbox 957 3673 1012 3733; x_wconf 84' lang='lat' dir='ltr'>Eos</span> <span class='ocrx_word' id='word_1_429' title='bbox 1035 3679 1118 3743; x_wconf 84' lang='lat' dir='ltr'>etiarn</span> <span class='ocrx_word' id='word_1_430' title='bbox 1171 3672 1281 3727; x_wconf 88' lang='lat' dir='ltr'>clesiam</span> <span class='ocrx_word' id='word_1_431' title='bbox 1297 3670 1391 3726; x_wconf 83' lang='lat' dir='ltr'>Sancti</span> <span class='ocrx_word' id='word_1_432' title='bbox 1409 3668 1515 3725; x_wconf 74' lang='lat' dir='ltr'>Nicolai</span> <span class='ocrx_word' id='word_1_433' title='bbox 1532 3669 1565 3723; x_wconf 77' lang='lat' dir='ltr'>ule</span> <span class='ocrx_word' id='word_1_434' title='bbox 1578 3666 1857 3735; x_wconf 78' lang='lat' dir='ltr'>Vultule,ecclesiam</span> <span class='ocrx_word' id='word_1_435' title='bbox 1872 3669 1966 3725; x_wconf 81' lang='lat' dir='ltr'>Sancti</span> 
     </span>
     <span class='ocr_line' id='line_1_36' title="bbox 326 3752 1964 3830; baseline 0.013 -22"><span class='ocrx_word' id='word_1_436' title='bbox 326 3752 374 3821; x_wconf 84' lang='lat' dir='ltr'>qut</span> <span class='ocrx_word' id='word_1_437' title='bbox 386 3755 420 3811; x_wconf 92' lang='lat' dir='ltr'>de</span> <span class='ocrx_word' id='word_1_438' title='bbox 430 3757 527 3813; x_wconf 91' lang='lat' dir='ltr'>ordine</span> <span class='ocrx_word' id='word_1_439' title='bbox 541 3768 644 3827; x_wconf 87' lang='lat' dir='ltr'>restro,</span> <span class='ocrx_word' id='word_1_440' title='bbox 654 3762 696 3818; x_wconf 90' lang='lat' dir='ltr'>rel</span> <span class='ocrx_word' id='word_1_441' title='bbox 708 3778 741 3819; x_wconf 86' lang='lat' dir='ltr'>ex</span> <span class='ocrx_word' id='word_1_442' title='bbox 752 3765 933 3822; x_wconf 81' lang='lat' dir='ltr'>subventione</span> <span class='ocrx_word' id='word_1_443' title='bbox 942 3771 1120 3827; x_wconf 73' lang='lat' dir='ltr'>terraconen·</span> <span class='ocrx_word' id='word_1_444' title='bbox 1172 3762 1266 3818; x_wconf 68' lang='lat' dir='ltr'>salini</span> <span class='ocrx_word' id='word_1_445' title='bbox 1289 3763 1324 3819; x_wconf 68' lang='lat' dir='ltr'>le</span> <span class='ocrx_word' id='word_1_446' title='bbox 1344 3761 1438 3830; x_wconf 64' lang='lat' dir='ltr'>Sella»</span> <span class='ocrx_word' id='word_1_447' title='bbox 1458 3760 1603 3816; x_wconf 49' lang='lat' dir='ltr'>“chilim</span> <span class='ocrx_word' id='word_1_448' title='bbox 1620 3757 1716 3815; x_wconf 69' lang='lat' dir='ltr'>5³¹¹⁰fl</span> <span class='ocrx_word' id='word_1_449' title='bbox 1732 3758 1828 3828; x_wconf 68' lang='grc' dir='ltr'>Ᾱΰῦθῑῑ</span> <span class='ocrx_word' id='word_1_450' title='bbox 1855 3761 1891 3816; x_wconf 69' lang='lat'>⁸¹⁰</span> <span class='ocrx_word' id='word_1_451' title='bbox 1916 3761 1964 3817; x_wconf 50' lang='lat' dir='ltr'>Fr·</span> 
     </span>
     <span class='ocr_line' id='line_1_37' title="bbox 327 3844 1963 3924; baseline 0.006 -26"><span class='ocrx_word' id='word_1_452' title='bbox 327 3844 404 3911; x_wconf 89' lang='lat' dir='ltr'>talis,</span> <span class='ocrx_word' id='word_1_453' title='bbox 415 3847 459 3901; x_wconf 85' lang='lat' dir='ltr'>rei</span> <span class='ocrx_word' id='word_1_454' title='bbox 472 3862 505 3902; x_wconf 88' lang='lat' dir='ltr'>err</span> <span class='ocrx_word' id='word_1_455' title='bbox 522 3850 585 3905; x_wconf 76' lang='lat' dir='ltr'>aliis</span> <span class='ocrx_word' id='word_1_456' title='bbox 597 3852 689 3907; x_wconf 87' lang='lat' dir='ltr'>causis</span> <span class='ocrx_word' id='word_1_457' title='bbox 701 3853 879 3923; x_wconf 80' lang='lat' dir='ltr'>quibuslibet,</span> <span class='ocrx_word' id='word_1_458' title='bbox 888 3857 1120 3915; x_wconf 87' lang='lat' dir='ltr'>occasionesera·</span> <span class='ocrx_word' id='word_1_459' title='bbox 1171 3856 1259 3923; x_wconf 89' lang='lat' dir='ltr'>hrica,</span> <span class='ocrx_word' id='word_1_460' title='bbox 1275 3856 1420 3910; x_wconf 84' lang='lat' dir='ltr'>eeclesiam</span> <span class='ocrx_word' id='word_1_461' title='bbox 1435 3852 1529 3908; x_wconf 86' lang='lat' dir='ltr'>Sancti</span> <span class='ocrx_word' id='word_1_462' title='bbox 1549 3852 1645 3923; x_wconf 73' lang='lat' dir='ltr'>¹hngrii</span> <span class='ocrx_word' id='word_1_463' title='bbox 1672 3851 1706 3906; x_wconf 87' lang='lat' dir='ltr'>de</span> <span class='ocrx_word' id='word_1_464' title='bbox 1728 3849 1803 3918; x_wconf 80' lang='lat' dir='ltr'>i&#39;lra,</span> <span class='ocrx_word' id='word_1_465' title='bbox 1830 3851 1963 3924; x_wconf 78' lang='lat' dir='ltr'>quidquid</span> 
     </span>
     <span class='ocr_line' id='line_1_38' title="bbox 328 3925 1964 4021; baseline 0.007 -32"><span class='ocrx_word' id='word_1_466' title='bbox 328 3937 410 4006; x_wconf 89' lang='lat' dir='ltr'>gandi</span> <span class='ocrx_word' id='word_1_467' title='bbox 426 3949 585 4008; x_wconf 91' lang='lat' dir='ltr'>assumunt,</span> <span class='ocrx_word' id='word_1_468' title='bbox 597 3925 792 4000; x_wconf 85' lang='lat' dir='ltr'>sicommoniti</span> <span class='ocrx_word' id='word_1_469' title='bbox 814 3963 868 4001; x_wconf 93' lang='lat' dir='ltr'>non</span> <span class='ocrx_word' id='word_1_470' title='bbox 884 3947 1013 4004; x_wconf 77' lang='lat' dir='ltr'>eluxerint</span> <span class='ocrx_word' id='word_1_471' title='bbox 1026 3965 1041 4004; x_wconf 92' lang='lat' dir='ltr'>a</span> <span class='ocrx_word' id='word_1_472' title='bbox 1056 3966 1120 4021; x_wconf 90' lang='lat' dir='ltr'>pro·</span> <span class='ocrx_word' id='word_1_473' title='bbox 1171 3946 1278 4002; x_wconf 89' lang='lat' dir='ltr'>hahetis</span> <span class='ocrx_word' id='word_1_474' title='bbox 1293 3947 1320 4000; x_wconf 93' lang='lat' dir='ltr'>iu</span> <span class='ocrx_word' id='word_1_475' title='bbox 1338 3943 1454 4000; x_wconf 82' lang='lat' dir='ltr'>&#39;ccclesia</span> <span class='ocrx_word' id='word_1_476' title='bbox 1470 3940 1577 3998; x_wconf 75' lang='lat' dir='ltr'>Sanctae</span> <span class='ocrx_word' id='word_1_477' title='bbox 1602 3940 1694 3995; x_wconf 75' lang='lat' dir='ltr'>ilariae</span> <span class='ocrx_word' id='word_1_478' title='bbox 1711 3940 1747 3996; x_wconf 89' lang='lat' dir='ltr'>de</span> <span class='ocrx_word' id='word_1_479' title='bbox 1762 3939 1909 4010; x_wconf 80' lang='lat' dir='ltr'>lloscann,</span> <span class='ocrx_word' id='word_1_480' title='bbox 1922 3960 1964 4000; x_wconf 85' lang='lat' dir='ltr'>cc·</span> 
     </span>
     <span class='ocr_line' id='line_1_39' title="bbox 327 4024 1963 4111; baseline 0.015 -30"><span class='ocrx_word' id='word_1_481' title='bbox 327 4028 417 4099; x_wconf 90' lang='lat' dir='ltr'>posito</span> <span class='ocrx_word' id='word_1_482' title='bbox 428 4027 625 4097; x_wconf 88' lang='lat' dir='ltr'>desistendum,</span> <span class='ocrx_word' id='word_1_483' title='bbox 642 4034 791 4103; x_wconf 90' lang='lat' dir='ltr'>liccattibi,</span> <span class='ocrx_word' id='word_1_484' title='bbox 808 4037 907 4094; x_wconf 86' lang='lat' dir='ltr'>dilecto</span> <span class='ocrx_word' id='word_1_485' title='bbox 922 4039 959 4094; x_wconf 84' lang='lat' dir='ltr'>illi</span> <span class='ocrx_word' id='word_1_486' title='bbox 971 4024 1057 4110; x_wconf 87' lang='lat' dir='ltr'>prior,</span> <span class='ocrx_word' id='word_1_487' title='bbox 1070 4057 1119 4111; x_wconf 82' lang='lat' dir='ltr'>per</span> <span class='ocrx_word' id='word_1_488' title='bbox 1170 4039 1281 4093; x_wconf 89' lang='lat' dir='ltr'>elesiaru</span> <span class='ocrx_word' id='word_1_489' title='bbox 1298 4036 1391 4092; x_wconf 86' lang='lat' dir='ltr'>Sancti</span> <span class='ocrx_word' id='word_1_490' title='bbox 1411 4036 1506 4106; x_wconf 82' lang='lat' dir='ltr'>hugull</span> <span class='ocrx_word' id='word_1_491' title='bbox 1523 4035 1557 4089; x_wconf 82' lang='lat' dir='ltr'>dc</span> <span class='ocrx_word' id='word_1_492' title='bbox 1577 4032 1963 4104; x_wconf 62' lang='lat' dir='ltr'>T0,·1·2srcea,1nsquodha·</span> 
     </span>
     <span class='ocr_line' id='line_1_40' title="bbox 326 4121 1963 4192; baseline 0.005 -19"><span class='ocrx_word' id='word_1_493' title='bbox 326 4121 622 4178; x_wconf 80' lang='lat' dir='ltr'>excommunicationis</span> <span class='ocrx_word' id='word_1_494' title='bbox 636 4128 799 4182; x_wconf 85' lang='lat' dir='ltr'>seutentiam</span> <span class='ocrx_word' id='word_1_495' title='bbox 812 4143 949 4185; x_wconf 82' lang='lat' dir='ltr'>coercere.</span> <span class='ocrx_word' id='word_1_496' title='bbox 1170 4128 1240 4184; x_wconf 85' lang='lat' dir='ltr'>betis</span> <span class='ocrx_word' id='word_1_497' title='bbox 1257 4130 1284 4182; x_wconf 92' lang='lat' dir='ltr'>in</span> <span class='ocrx_word' id='word_1_498' title='bbox 1300 4128 1417 4184; x_wconf 84' lang='lat' dir='ltr'>ecelesia</span> <span class='ocrx_word' id='word_1_499' title='bbox 1434 4126 1529 4181; x_wconf 86' lang='lat' dir='ltr'>Sancti</span> <span class='ocrx_word' id='word_1_500' title='bbox 1551 4123 1680 4181; x_wconf 84' lang='lat' dir='ltr'>Cassiani</span> <span class='ocrx_word' id='word_1_501' title='bbox 1694 4124 1730 4179; x_wconf 86' lang='lat' dir='ltr'>de</span> <span class='ocrx_word' id='word_1_502' title='bbox 1752 4121 1902 4192; x_wconf 79' lang='lat' dir='ltr'>Palatiolo,</span> <span class='ocrx_word' id='word_1_503' title='bbox 1919 4141 1963 4181; x_wconf 90' lang='lat' dir='ltr'>ec·</span> 
     </span>
     <span class='ocr_line' id='line_1_41' title="bbox 363 4206 1960 4294; baseline 0.008 -30"><span class='ocrx_word' id='word_1_504' title='bbox 363 4210 434 4267; x_wconf 86' lang='lat' dir='ltr'>Nulli</span> <span class='ocrx_word' id='word_1_505' title='bbox 450 4229 516 4283; x_wconf 90' lang='lat' dir='ltr'>ergo</span> <span class='ocrx_word' id='word_1_506' title='bbox 532 4215 645 4271; x_wconf 84' lang='lat' dir='ltr'>onnrino</span> <span class='ocrx_word' id='word_1_507' title='bbox 657 4216 799 4273; x_wconf 90' lang='lat' dir='ltr'>bominum</span> <span class='ocrx_word' id='word_1_508' title='bbox 816 4219 895 4276; x_wconf 88' lang='lat' dir='ltr'>liccat</span> <span class='ocrx_word' id='word_1_509' title='bbox 907 4222 978 4278; x_wconf 88' lang='lat' dir='ltr'>banc</span> <span class='ocrx_word' id='word_1_510' title='bbox 990 4224 1118 4294; x_wconf 80' lang='lat' dir='ltr'>paginam</span> <span class='ocrx_word' id='word_1_511' title='bbox 1171 4222 1282 4277; x_wconf 86' lang='lat' dir='ltr'>elesiam</span> <span class='ocrx_word' id='word_1_512' title='bbox 1300 4221 1395 4278; x_wconf 86' lang='lat' dir='ltr'>Sarrcti</span> <span class='ocrx_word' id='word_1_513' title='bbox 1409 4221 1518 4277; x_wconf 82' lang='lat' dir='ltr'>blartiui</span> <span class='ocrx_word' id='word_1_514' title='bbox 1534 4220 1569 4275; x_wconf 90' lang='lat' dir='ltr'>do</span> <span class='ocrx_word' id='word_1_515' title='bbox 1592 4218 1668 4275; x_wconf 83' lang='lat' dir='ltr'>i&#39;nlle</span> <span class='ocrx_word' id='word_1_516' title='bbox 1684 4206 1806 4289; x_wconf 66' lang='lat' dir='ltr'>vajeria,</span> <span class='ocrx_word' id='word_1_517' title='bbox 1826 4220 1876 4290; x_wconf 81' lang='lat' dir='ltr'>jus</span> <span class='ocrx_word' id='word_1_518' title='bbox 1893 4220 1960 4291; x_wconf 77' lang='lat' dir='ltr'>euni</span> 
     </span>
     <span class='ocr_line' id='line_1_42' title="bbox 327 4305 1961 4386; baseline 0.011 -34"><span class='ocrx_word' id='word_1_519' title='bbox 327 4308 428 4358; x_wconf 84' lang='lat' dir='ltr'>nostrae</span> <span class='ocrx_word' id='word_1_520' title='bbox 444 4305 632 4362; x_wconf 86' lang='lat' dir='ltr'>concessionis</span> <span class='ocrx_word' id='word_1_521' title='bbox 645 4316 671 4362; x_wconf 86' lang='lat' dir='ltr'>et</span> <span class='ocrx_word' id='word_1_522' title='bbox 685 4309 890 4368; x_wconf 89' lang='lat' dir='ltr'>constitutionis</span> <span class='ocrx_word' id='word_1_523' title='bbox 905 4312 1136 4386; x_wconf 65' lang='lat' dir='ltr'>infringerent.</span> <span class='ocrx_word' id='word_1_524' title='bbox 1170 4313 1277 4369; x_wconf 85' lang='lat' dir='ltr'>lrahrtis</span> <span class='ocrx_word' id='word_1_525' title='bbox 1291 4314 1318 4368; x_wconf 92' lang='lat' dir='ltr'>iu</span> <span class='ocrx_word' id='word_1_526' title='bbox 1335 4314 1452 4370; x_wconf 90' lang='lat' dir='ltr'>ccclesia</span> <span class='ocrx_word' id='word_1_527' title='bbox 1475 4311 1568 4369; x_wconf 86' lang='lat' dir='ltr'>Sancti</span> <span class='ocrx_word' id='word_1_528' title='bbox 1583 4311 1693 4382; x_wconf 83' lang='lat' dir='ltr'>Georgii</span> <span class='ocrx_word' id='word_1_529' title='bbox 1712 4310 1749 4367; x_wconf 86' lang='lat' dir='ltr'>de</span> <span class='ocrx_word' id='word_1_530' title='bbox 1766 4312 1903 4381; x_wconf 83' lang='lat' dir='ltr'>Corneto,</span> <span class='ocrx_word' id='word_1_531' title='bbox 1922 4329 1961 4369; x_wconf 84' lang='lat' dir='ltr'>ec·</span> 
     </span>
     <span class='ocr_line' id='line_1_43' title="bbox 326 4388 1959 4471; baseline 0.009 -29"><span class='ocrx_word' id='word_1_532' title='bbox 326 4388 352 4443; x_wconf 92' lang='lat' dir='ltr'>ci</span> <span class='ocrx_word' id='word_1_533' title='bbox 368 4406 438 4445; x_wconf 89' lang='lat' dir='ltr'>ausu</span> <span class='ocrx_word' id='word_1_534' title='bbox 453 4395 757 4453; x_wconf 87' lang='lat' dir='ltr'>temerariocuntraire.</span> <span class='ocrx_word' id='word_1_535' title='bbox 779 4400 807 4455; x_wconf 90' lang='lat' dir='ltr'>Si</span> <span class='ocrx_word' id='word_1_536' title='bbox 822 4402 884 4471; x_wconf 88' lang='lat' dir='ltr'>quis</span> <span class='ocrx_word' id='word_1_537' title='bbox 896 4413 988 4460; x_wconf 87' lang='lat' dir='ltr'>autern</span> <span class='ocrx_word' id='word_1_538' title='bbox 1008 4405 1061 4460; x_wconf 88' lang='lat' dir='ltr'>hoe</span> <span class='ocrx_word' id='word_1_539' title='bbox 1074 4416 1118 4460; x_wconf 90' lang='lat' dir='ltr'>at·</span> <span class='ocrx_word' id='word_1_540' title='bbox 1165 4402 1282 4457; x_wconf 85' lang='lat' dir='ltr'>clesiaru</span> <span class='ocrx_word' id='word_1_541' title='bbox 1298 4403 1386 4459; x_wconf 88' lang='lat' dir='ltr'>saneti</span> <span class='ocrx_word' id='word_1_542' title='bbox 1401 4402 1542 4458; x_wconf 84' lang='lat' dir='ltr'>Laurentii</span> <span class='ocrx_word' id='word_1_543' title='bbox 1554 4404 1587 4459; x_wconf 89' lang='lat' dir='ltr'>de</span> <span class='ocrx_word' id='word_1_544' title='bbox 1601 4400 1805 4470; x_wconf 79' lang='lat' dir='ltr'>Cullehassani,</span> <span class='ocrx_word' id='word_1_545' title='bbox 1818 4405 1959 4460; x_wconf 86' lang='lat' dir='ltr'>ecclesian</span> 
     </span>
     <span class='ocr_line' id='line_1_44' title="bbox 327 4480 1960 4569; baseline 0.013 -31"><span class='ocrx_word' id='word_1_546' title='bbox 327 4490 436 4541; x_wconf 74' lang='lat' dir='ltr'>terrine</span> <span class='ocrx_word' id='word_1_547' title='bbox 451 4491 669 4561; x_wconf 83' lang='lat' dir='ltr'>praesumpserit,</span> <span class='ocrx_word' id='word_1_548' title='bbox 690 4491 907 4563; x_wconf 87' lang='lat' dir='ltr'>indignationem</span> <span class='ocrx_word' id='word_1_549' title='bbox 921 4499 1118 4569; x_wconf 86' lang='lat' dir='ltr'>omnipotentis</span> <span class='ocrx_word' id='word_1_550' title='bbox 1171 4491 1264 4550; x_wconf 85' lang='lat' dir='ltr'>Sancti</span> <span class='ocrx_word' id='word_1_551' title='bbox 1276 4494 1348 4550; x_wconf 81' lang='lat' dir='ltr'>Petri</span> <span class='ocrx_word' id='word_1_552' title='bbox 1360 4494 1606 4562; x_wconf 70' lang='lat' dir='ltr'>dellollebassahi.</span> <span class='ocrx_word' id='word_1_553' title='bbox 1623 4480 1769 4551; x_wconf 62' lang='lat' dir='ltr'>eficleslim</span> <span class='ocrx_word' id='word_1_554' title='bbox 1784 4493 1882 4552; x_wconf 57' lang='lat' dir='ltr'>Sentii</span> <span class='ocrx_word' id='word_1_555' title='bbox 1894 4495 1960 4551; x_wconf 65' lang='lat' dir='ltr'>Pelii</span> 
     </span>
     <span class='ocr_line' id='line_1_45' title="bbox 327 4573 1962 4661; baseline 0.009 -32"><span class='ocrx_word' id='word_1_556' title='bbox 327 4573 374 4631; x_wconf 85' lang='lat' dir='ltr'>bet</span> <span class='ocrx_word' id='word_1_557' title='bbox 388 4587 413 4632; x_wconf 88' lang='lat' dir='ltr'>et</span> <span class='ocrx_word' id='word_1_558' title='bbox 429 4578 570 4635; x_wconf 90' lang='lat' dir='ltr'>beatorum</span> <span class='ocrx_word' id='word_1_559' title='bbox 584 4580 660 4637; x_wconf 90' lang='lat' dir='ltr'>Petri</span> <span class='ocrx_word' id='word_1_560' title='bbox 676 4591 703 4638; x_wconf 89' lang='lat' dir='ltr'>ct</span> <span class='ocrx_word' id='word_1_561' title='bbox 717 4582 794 4639; x_wconf 81' lang='lat' dir='ltr'>Pauli</span> <span class='ocrx_word' id='word_1_562' title='bbox 811 4588 1000 4657; x_wconf 88' lang='lat' dir='ltr'>apostolorum</span> <span class='ocrx_word' id='word_1_563' title='bbox 1013 4591 1073 4661; x_wconf 84' lang='lat' dir='ltr'>rjus</span> <span class='ocrx_word' id='word_1_564' title='bbox 1088 4607 1118 4646; x_wconf 81' lang='lat' dir='ltr'>so</span> <span class='ocrx_word' id='word_1_565' title='bbox 1169 4585 1204 4641; x_wconf 88' lang='lat' dir='ltr'>rle</span> <span class='ocrx_word' id='word_1_566' title='bbox 1216 4585 1353 4654; x_wconf 87' lang='lat' dir='ltr'>Crueielc,</span> <span class='ocrx_word' id='word_1_567' title='bbox 1369 4585 1514 4643; x_wconf 87' lang='lat' dir='ltr'>eeclesiam</span> <span class='ocrx_word' id='word_1_568' title='bbox 1530 4585 1624 4643; x_wconf 89' lang='lat' dir='ltr'>Sancti</span> <span class='ocrx_word' id='word_1_569' title='bbox 1639 4585 1802 4643; x_wconf 79' lang='lat' dir='ltr'>Paterniani</span> <span class='ocrx_word' id='word_1_570' title='bbox 1814 4589 1851 4646; x_wconf 88' lang='lat' dir='ltr'>de</span> <span class='ocrx_word' id='word_1_571' title='bbox 1864 4590 1962 4647; x_wconf 82' lang='lat' dir='ltr'>Corru-</span> 
     </span>
     <span class='ocr_line' id='line_1_46' title="bbox 326 4665 1962 4750; baseline 0.012 -31"><span class='ocrx_word' id='word_1_572' title='bbox 326 4665 434 4720; x_wconf 84' lang='lat' dir='ltr'>no&#39;rerit</span> <span class='ocrx_word' id='word_1_573' title='bbox 447 4667 633 4724; x_wconf 88' lang='lat' dir='ltr'>incursurum.</span> <span class='ocrx_word' id='word_1_574' title='bbox 1170 4686 1244 4745; x_wconf 89' lang='lat' dir='ltr'>tone,</span> <span class='ocrx_word' id='word_1_575' title='bbox 1260 4679 1404 4735; x_wconf 83' lang='lat' dir='ltr'>ecelesiam</span> <span class='ocrx_word' id='word_1_576' title='bbox 1428 4678 1522 4735; x_wconf 88' lang='lat' dir='ltr'>Sancti</span> <span class='ocrx_word' id='word_1_577' title='bbox 1543 4679 1667 4750; x_wconf 85' lang='lat' dir='ltr'>Gregorii</span> <span class='ocrx_word' id='word_1_578' title='bbox 1686 4678 1806 4738; x_wconf 81' lang='lat' dir='ltr'>loannis</span> <span class='ocrx_word' id='word_1_579' title='bbox 1817 4682 1855 4739; x_wconf 90' lang='lat' dir='ltr'>de</span> <span class='ocrx_word' id='word_1_580' title='bbox 1868 4682 1962 4738; x_wconf 85' lang='lat' dir='ltr'>Serra·</span> 
     </span>
     <span class='ocr_line' id='line_1_47' title="bbox 272 4752 1962 4846; baseline 0.014 -40"><span class='ocrx_word' id='word_1_581' title='bbox 272 4793 277 4808; x_wconf 89' lang='lat'>.</span> <span class='ocrx_word' id='word_1_582' title='bbox 362 4752 461 4810; x_wconf 79' lang='lat' dir='ltr'>hatum</span> <span class='ocrx_word' id='word_1_583' title='bbox 474 4755 613 4828; x_wconf 85' lang='lat' dir='ltr'>Laterani,</span> <span class='ocrx_word' id='word_1_584' title='bbox 629 4777 647 4815; x_wconf 96' lang='lat' dir='ltr'>n</span> <span class='ocrx_word' id='word_1_585' title='bbox 659 4760 723 4819; x_wconf 91' lang='lat' dir='ltr'>ldus</span> <span class='ocrx_word' id='word_1_586' title='bbox 737 4765 849 4836; x_wconf 79' lang='lat' dir='ltr'>Aprilis,</span> <span class='ocrx_word' id='word_1_587' title='bbox 863 4772 1040 4839; x_wconf 83' lang='lat' dir='ltr'>pontificatus</span> <span class='ocrx_word' id='word_1_588' title='bbox 1066 4790 1116 4827; x_wconf 92' lang='lat' dir='ltr'>no-</span> <span class='ocrx_word' id='word_1_589' title='bbox 1132 4770 1155 4824; x_wconf 89' lang='lat' dir='ltr'>b</span> <span class='ocrx_word' id='word_1_590' title='bbox 1171 4771 1274 4835; x_wconf 86' lang='lat' dir='ltr'>raliea,</span> <span class='ocrx_word' id='word_1_591' title='bbox 1289 4772 1434 4832; x_wconf 85' lang='lat' dir='ltr'>eeclesiam</span> <span class='ocrx_word' id='word_1_592' title='bbox 1451 4770 1545 4826; x_wconf 85' lang='lat' dir='ltr'>Sancti</span> <span class='ocrx_word' id='word_1_593' title='bbox 1567 4770 1682 4826; x_wconf 83' lang='lat' dir='ltr'>loannis</span> <span class='ocrx_word' id='word_1_594' title='bbox 1694 4771 1730 4827; x_wconf 91' lang='lat' dir='ltr'>de</span> <span class='ocrx_word' id='word_1_595' title='bbox 1751 4769 1907 4846; x_wconf 81' lang='lat' dir='ltr'>serrapila,</span> <span class='ocrx_word' id='word_1_596' title='bbox 1919 4788 1962 4829; x_wconf 81' lang='lat' dir='ltr'>ee·</span> 
     </span>
     <span class='ocr_line' id='line_1_48' title="bbox 326 4843 1963 4933; baseline 0.011 -31"><span class='ocrx_word' id='word_1_597' title='bbox 326 4843 376 4902; x_wconf 82' lang='lat' dir='ltr'>stri</span> <span class='ocrx_word' id='word_1_598' title='bbox 394 4859 467 4900; x_wconf 88' lang='lat' dir='ltr'>anno</span> <span class='ocrx_word' id='word_1_599' title='bbox 485 4849 583 4918; x_wconf 90' lang='lat' dir='ltr'>primo.</span> <span class='ocrx_word' id='word_1_600' title='bbox 877 4851 885 4858; x_wconf 83' lang='grc'><em>“</em></span> <span class='ocrx_word' id='word_1_601' title='bbox 1168 4862 1282 4916; x_wconf 89' lang='lat' dir='ltr'>clesiam</span> <span class='ocrx_word' id='word_1_602' title='bbox 1297 4861 1391 4918; x_wconf 88' lang='lat' dir='ltr'>Sancti</span> <span class='ocrx_word' id='word_1_603' title='bbox 1406 4862 1538 4918; x_wconf 76' lang='lat' dir='ltr'>Victorini</span> <span class='ocrx_word' id='word_1_604' title='bbox 1551 4862 1632 4933; x_wconf 80' lang='lat' dir='ltr'>iuxta</span> <span class='ocrx_word' id='word_1_605' title='bbox 1645 4860 1794 4929; x_wconf 81' lang='lat' dir='ltr'>Nebulam,</span> <span class='ocrx_word' id='word_1_606' title='bbox 1817 4866 1963 4922; x_wconf 79' lang='lat' dir='ltr'>ecclesiane</span> 
     </span>
     <span class='ocr_line' id='line_1_49' title="bbox 698 4950 1962 5020; baseline 0.006 -18"><span class='ocrx_word' id='word_1_607' title='bbox 698 4964 740 5020; x_wconf 52' lang='lat' dir='ltr'>gp,</span> <span class='ocrx_word' id='word_1_608' title='bbox 1170 4951 1263 5007; x_wconf 85' lang='lat' dir='ltr'>Sarreti</span> <span class='ocrx_word' id='word_1_609' title='bbox 1278 4950 1357 5007; x_wconf 85' lang='lat' dir='ltr'>Pauli</span> <span class='ocrx_word' id='word_1_610' title='bbox 1371 4954 1406 5008; x_wconf 88' lang='lat' dir='ltr'>de</span> <span class='ocrx_word' id='word_1_611' title='bbox 1426 4954 1574 5019; x_wconf 82' lang='lat' dir='ltr'>Caralalx,</span> <span class='ocrx_word' id='word_1_612' title='bbox 1597 4953 1744 5009; x_wconf 80' lang='lat' dir='ltr'>ecclesiam</span> <span class='ocrx_word' id='word_1_613' title='bbox 1770 4953 1869 5013; x_wconf 81' lang='lat' dir='ltr'>Sancti</span> <span class='ocrx_word' id='word_1_614' title='bbox 1894 4955 1962 5011; x_wconf 81' lang='lat' dir='ltr'>Petri</span> 
     </span>
    </p>
   </div>
   <div class='ocr_carea' id='block_1_10' title="bbox 326 5050 1115 5202">
    <p class='ocr_par' dir='ltr' id='par_1_13' title="bbox 326 5050 1115 5202">
     <span class='ocr_line' id='line_1_50' title="bbox 326 5050 1115 5130; baseline 0.014 -22"><span class='ocrx_word' id='word_1_615' title='bbox 326 5050 485 5108; x_wconf 67' lang='lat' dir='ltr'>,llonusterii</span> <span class='ocrx_word' id='word_1_616' title='bbox 506 5052 536 5111; x_wconf 87' lang='lat' dir='ltr'>S.</span> <span class='ocrx_word' id='word_1_617' title='bbox 561 5052 699 5110; x_wconf 84' lang='lat' dir='ltr'>Benedicti</span> <span class='ocrx_word' id='word_1_618' title='bbox 721 5056 913 5115; x_wconf 84' lang='lat' dir='ltr'>Gnelderrensis</span> <span class='ocrx_word' id='word_1_619' title='bbox 929 5066 1115 5130; x_wconf 82' lang='lat' dir='ltr'>protectionem</span> 
     </span>
     <span class='ocr_line' id='line_1_51' title="bbox 354 5124 1081 5202; baseline 0.018 -26"><span class='ocrx_word' id='word_1_620' title='bbox 354 5124 477 5193; x_wconf 83' lang='lat' dir='ltr'>suscipit,</span> <span class='ocrx_word' id='word_1_621' title='bbox 493 5127 719 5197; x_wconf 79' lang='lat' dir='ltr'>possessionesque</span> <span class='ocrx_word' id='word_1_622' title='bbox 732 5145 763 5181; x_wconf 86' lang='lat' dir='ltr'>ec</span> <span class='ocrx_word' id='word_1_623' title='bbox 779 5130 917 5202; x_wconf 78' lang='lat' dir='ltr'>privilegiu</span> <span class='ocrx_word' id='word_1_624' title='bbox 929 5134 1081 5202; x_wconf 74' lang='lat' dir='ltr'>conficeret.</span> 
     </span>
    </p>
   </div>
   <div class='ocr_carea' id='block_1_11' title="bbox 231 5217 1117 6128">
    <p class='ocr_par' dir='ltr' id='par_1_14' title="bbox 574 5217 867 5289">
     <span class='ocr_line' id='line_1_52' title="bbox 574 5217 867 5289; baseline 0.014 -18"><span class='ocrx_word' id='word_1_625' title='bbox 574 5217 726 5288; x_wconf 74' lang='lat' dir='ltr'>(Lalerarri,</span> <span class='ocrx_word' id='word_1_626' title='bbox 745 5217 808 5274; x_wconf 81' lang='lat' dir='ltr'>Maii</span> <span class='ocrx_word' id='word_1_627' title='bbox 827 5221 867 5289; x_wconf 78' lang='lat' dir='ltr'>ti.)</span> 
     </span>
    </p>

    <p class='ocr_par' dir='ltr' id='par_1_15' title="bbox 325 5304 1114 5392">
     <span class='ocr_line' id='line_1_53' title="bbox 325 5304 1114 5392; baseline 0.02 -33"><span class='ocrx_word' id='word_1_628' title='bbox 325 5304 521 5377; x_wconf 68' lang='lat' dir='ltr'>[lirrransttn</span> <span class='ocrx_word' id='word_1_629' title='bbox 540 5310 637 5365; x_wconf 76' lang='lat' dir='ltr'>Aranni.</span> <span class='ocrx_word' id='word_1_630' title='bbox 657 5311 824 5382; x_wconf 80' lang='lat' dir='ltr'>Cerrroldnl.,</span> <span class='ocrx_word' id='word_1_631' title='bbox 839 5314 883 5383; x_wconf 84' lang='lat' dir='ltr'>ll&#39;,</span> <span class='ocrx_word' id='word_1_632' title='bbox 896 5316 977 5387; x_wconf 76' lang='lat' dir='ltr'>App,</span> <span class='ocrx_word' id='word_1_633' title='bbox 993 5336 1020 5391; x_wconf 90' lang='lat' dir='ltr'>p.</span> <span class='ocrx_word' id='word_1_634' title='bbox 1041 5319 1114 5392; x_wconf 69' lang='lat' dir='ltr'>toa]</span> 
     </span>
    </p>

    <p class='ocr_par' dir='ltr' id='par_1_16' title="bbox 324 5397 1117 5817">
     <span class='ocr_line' id='line_1_54' title="bbox 359 5397 1115 5476; baseline 0.022 -26"><span class='ocrx_word' id='word_1_635' title='bbox 359 5397 484 5454; x_wconf 72' lang='lat' dir='ltr'>cranaus</span> <span class='ocrx_word' id='word_1_636' title='bbox 499 5400 654 5471; x_wconf 90' lang='lat' dir='ltr'>episcopus,</span> <span class='ocrx_word' id='word_1_637' title='bbox 670 5418 767 5460; x_wconf 87' lang='lat' dir='ltr'>serres</span> <span class='ocrx_word' id='word_1_638' title='bbox 778 5420 919 5462; x_wconf 85' lang='lat' dir='ltr'>serrorum</span> <span class='ocrx_word' id='word_1_639' title='bbox 936 5409 1115 5476; x_wconf 68' lang='lat' dir='ltr'>heidilonis</span> 
     </span>
     <span class='ocr_line' id='line_1_55' title="bbox 324 5486 1117 5559; baseline 0.018 -17"><span class='ocrx_word' id='word_1_640' title='bbox 324 5486 388 5542; x_wconf 87' lang='lat' dir='ltr'>liliis</span> <span class='ocrx_word' id='word_1_641' title='bbox 412 5487 580 5559; x_wconf 77' lang='lat' dir='ltr'>Senenntno,</span> <span class='ocrx_word' id='word_1_642' title='bbox 597 5493 687 5548; x_wconf 86' lang='lat' dir='ltr'>abbati</span> <span class='ocrx_word' id='word_1_643' title='bbox 704 5497 864 5551; x_wconf 87' lang='lat' dir='ltr'>rrrorrasterii</span> <span class='ocrx_word' id='word_1_644' title='bbox 881 5498 910 5553; x_wconf 87' lang='lat' dir='ltr'>S.</span> <span class='ocrx_word' id='word_1_645' title='bbox 923 5489 1060 5556; x_wconf 78' lang='lat' dir='ltr'>Benedicti</span> <span class='ocrx_word' id='word_1_646' title='bbox 1082 5502 1117 5556; x_wconf 86' lang='lat' dir='ltr'>de</span> 
     </span>
     <span class='ocr_line' id='line_1_56' title="bbox 326 5575 1115 5663; baseline 0.019 -32"><span class='ocrx_word' id='word_1_647' title='bbox 326 5575 440 5646; x_wconf 84' lang='lat' dir='ltr'>Walrlo,</span> <span class='ocrx_word' id='word_1_648' title='bbox 464 5581 579 5652; x_wconf 76' lang='lat' dir='ltr'>ejrrsrpue</span> <span class='ocrx_word' id='word_1_649' title='bbox 594 5583 746 5654; x_wconf 79' lang='lat' dir='ltr'>lintribus,</span> <span class='ocrx_word' id='word_1_650' title='bbox 764 5601 818 5645; x_wconf 87' lang='lat' dir='ltr'>tant</span> <span class='ocrx_word' id='word_1_651' title='bbox 834 5593 1015 5661; x_wconf 74' lang='lat' dir='ltr'>presentibus</span> <span class='ocrx_word' id='word_1_652' title='bbox 1032 5607 1115 5663; x_wconf 73' lang='lat' dir='ltr'>quarn</span> 
     </span>
     <span class='ocr_line' id='line_1_57' title="bbox 324 5666 1115 5753; baseline 0.02 -31"><span class='ocrx_word' id='word_1_653' title='bbox 324 5666 436 5737; x_wconf 76' lang='lat' dir='ltr'>tuturis,</span> <span class='ocrx_word' id='word_1_654' title='bbox 463 5672 618 5741; x_wconf 85' lang='lat' dir='ltr'>regularem</span> <span class='ocrx_word' id='word_1_655' title='bbox 638 5676 722 5731; x_wconf 86' lang='lat' dir='ltr'>ritarn</span> <span class='ocrx_word' id='word_1_656' title='bbox 746 5681 940 5749; x_wconf 85' lang='lat' dir='ltr'>prolitentihus</span> <span class='ocrx_word' id='word_1_657' title='bbox 968 5683 996 5738; x_wconf 94' lang='lat' dir='ltr'>in</span> <span class='ocrx_word' id='word_1_658' title='bbox 1016 5698 1115 5753; x_wconf 90' lang='lat' dir='ltr'>perpe·</span> 
     </span>
     <span class='ocr_line' id='line_1_58' title="bbox 324 5767 413 5817; baseline 0 0"><span class='ocrx_word' id='word_1_659' title='bbox 324 5767 413 5817; x_wconf 83' lang='lat' dir='ltr'>tuurn.</span> 
     </span>
    </p>

    <p class='ocr_par' dir='ltr' id='par_1_17' title="bbox 231 5847 1115 6128">
     <span class='ocr_line' id='line_1_59' title="bbox 359 5847 1113 5935; baseline 0.025 -32"><span class='ocrx_word' id='word_1_660' title='bbox 359 5847 527 5922; x_wconf 82' lang='lat' dir='ltr'>Religiusam</span> <span class='ocrx_word' id='word_1_661' title='bbox 543 5856 626 5911; x_wconf 83' lang='lat' dir='ltr'>vitant</span> <span class='ocrx_word' id='word_1_662' title='bbox 649 5860 814 5930; x_wconf 87' lang='lat' dir='ltr'>eligentibus</span> <span class='ocrx_word' id='word_1_663' title='bbox 838 5865 1019 5935; x_wconf 85' lang='lat' dir='ltr'>apostolicum</span> <span class='ocrx_word' id='word_1_664' title='bbox 1046 5885 1113 5923; x_wconf 90' lang='lat' dir='ltr'>con·</span> 
     </span>
     <span class='ocr_line' id='line_1_60' title="bbox 324 5942 1115 6030; baseline 0.028 -37"><span class='ocrx_word' id='word_1_665' title='bbox 324 5942 400 5997; x_wconf 86' lang='lat' dir='ltr'>uenit</span> <span class='ocrx_word' id='word_1_666' title='bbox 413 5945 517 6002; x_wconf 78' lang='lat' dir='ltr'>‚adesse</span> <span class='ocrx_word' id='word_1_667' title='bbox 536 5949 706 6020; x_wconf 75' lang='lat' dir='ltr'>praesidium,</span> <span class='ocrx_word' id='word_1_668' title='bbox 729 5969 763 6010; x_wconf 94' lang='lat' dir='ltr'>ne</span> <span class='ocrx_word' id='word_1_669' title='bbox 785 5954 857 6011; x_wconf 89' lang='lat' dir='ltr'>lorte</span> <span class='ocrx_word' id='word_1_670' title='bbox 869 5959 1015 6030; x_wconf 85' lang='lat' dir='ltr'>cujuslibet</span> <span class='ocrx_word' id='word_1_671' title='bbox 1030 5965 1115 6015; x_wconf 87' lang='lat' dir='ltr'>terne·</span> 
     </span>
     <span class='ocr_line' id='line_1_61' title="bbox 231 6029 1115 6128; baseline 0.024 -44"><span class='ocrx_word' id='word_1_672' title='bbox 231 6059 236 6066; x_wconf 93' lang='lat'>·</span> <span class='ocrx_word' id='word_1_673' title='bbox 324 6029 416 6091; x_wconf 79' lang='lat' dir='ltr'>nitatis</span> <span class='ocrx_word' id='word_1_674' title='bbox 431 6033 570 6108; x_wconf 85' lang='lat' dir='ltr'>incursus,</span> <span class='ocrx_word' id='word_1_675' title='bbox 589 6050 636 6097; x_wconf 84' lang='lat' dir='ltr'>aut</span> <span class='ocrx_word' id='word_1_676' title='bbox 652 6057 700 6100; x_wconf 92' lang='lat' dir='ltr'>cos</span> <span class='ocrx_word' id='word_1_677' title='bbox 717 6058 733 6099; x_wconf 87' lang='lat' dir='ltr'>a</span> <span class='ocrx_word' id='word_1_678' title='bbox 754 6047 897 6117; x_wconf 87' lang='lat' dir='ltr'>proposito</span> <span class='ocrx_word' id='word_1_679' title='bbox 912 6060 1039 6128; x_wconf 35' lang='lat' dir='ltr'>resecet·</span> <span class='ocrx_word' id='word_1_680' title='bbox 1068 6059 1115 6106; x_wconf 90' lang='lat' dir='ltr'>aut</span> 
     </span>
    </p>
   </div>
   <div class='ocr_carea' id='block_1_12' title="bbox 1166 5039 1967 6027">
    <p class='ocr_par' dir='ltr' id='par_1_18' title="bbox 1167 5039 1966 5369">
     <span class='ocr_line' id='line_1_62' title="bbox 1167 5039 1966 5104; baseline -0.001 -7"><span class='ocrx_word' id='word_1_681' title='bbox 1167 5043 1201 5097; x_wconf 90' lang='lat' dir='ltr'>de</span> <span class='ocrx_word' id='word_1_682' title='bbox 1218 5041 1453 5104; x_wconf 81' lang='lat' dir='ltr'>lioecaeontrarla,</span> <span class='ocrx_word' id='word_1_683' title='bbox 1466 5039 1611 5099; x_wconf 89' lang='lat' dir='ltr'>ecelesiam</span> <span class='ocrx_word' id='word_1_684' title='bbox 1623 5039 1716 5096; x_wconf 87' lang='lat' dir='ltr'>Sancti</span> <span class='ocrx_word' id='word_1_685' title='bbox 1731 5039 1807 5098; x_wconf 82' lang='lat' dir='ltr'>Petri</span> <span class='ocrx_word' id='word_1_686' title='bbox 1822 5044 1859 5099; x_wconf 86' lang='lat' dir='ltr'>dc</span> <span class='ocrx_word' id='word_1_687' title='bbox 1876 5043 1966 5098; x_wconf 69' lang='lat' dir='ltr'>lente</span> 
     </span>
     <span class='ocr_line' id='line_1_63' title="bbox 1168 5127 1964 5202; baseline 0.006 -21"><span class='ocrx_word' id='word_1_688' title='bbox 1168 5127 1278 5195; x_wconf 80' lang='lat' dir='ltr'>llodrlo,</span> <span class='ocrx_word' id='word_1_689' title='bbox 1294 5131 1440 5186; x_wconf 86' lang='lat' dir='ltr'>ccebsiaur</span> <span class='ocrx_word' id='word_1_690' title='bbox 1458 5129 1551 5186; x_wconf 85' lang='lat' dir='ltr'>Sancti</span> <span class='ocrx_word' id='word_1_691' title='bbox 1570 5130 1701 5202; x_wconf 87' lang='lat' dir='ltr'>Stephani</span> <span class='ocrx_word' id='word_1_692' title='bbox 1714 5129 1751 5185; x_wconf 91' lang='lat' dir='ltr'>de</span> <span class='ocrx_word' id='word_1_693' title='bbox 1764 5130 1790 5185; x_wconf 86' lang='lat' dir='ltr'>la</span> <span class='ocrx_word' id='word_1_694' title='bbox 1805 5133 1964 5189; x_wconf 73' lang='lat' dir='ltr'>calcinaria</span> 
     </span>
     <span class='ocr_line' id='line_1_64' title="bbox 1168 5220 1965 5298; baseline 0.008 -24"><span class='ocrx_word' id='word_1_695' title='bbox 1168 5237 1230 5274; x_wconf 82' lang='lat' dir='ltr'>runt</span> <span class='ocrx_word' id='word_1_696' title='bbox 1258 5223 1387 5279; x_wconf 89' lang='lat' dir='ltr'>urnnibus</span> <span class='ocrx_word' id='word_1_697' title='bbox 1417 5222 1592 5298; x_wconf 75' lang='lat' dir='ltr'>pertinentiis</span> <span class='ocrx_word' id='word_1_698' title='bbox 1622 5220 1853 5292; x_wconf 81' lang='lat' dir='ltr'>supradictarum</span> <span class='ocrx_word' id='word_1_699' title='bbox 1878 5226 1965 5280; x_wconf 67' lang='lat' dir='ltr'>eccle</span> 
     </span>
     <span class='ocr_line' id='line_1_65' title="bbox 1167 5312 1283 5369; baseline 0.026 -3"><span class='ocrx_word' id='word_1_700' title='bbox 1167 5312 1283 5369; x_wconf 86' lang='lat' dir='ltr'>siarum.</span> 
     </span>
    </p>

    <p class='ocr_par' dir='ltr' id='par_1_19' title="bbox 1166 5402 1967 6027">
     <span class='ocr_line' id='line_1_66' title="bbox 1203 5402 1967 5478; baseline 0.009 -20"><span class='ocrx_word' id='word_1_701' title='bbox 1203 5402 1275 5459; x_wconf 89' lang='lat' dir='ltr'>Sane</span> <span class='ocrx_word' id='word_1_702' title='bbox 1290 5405 1607 5473; x_wconf 86' lang='lat' dir='ltr'>novalium-rostrorum,</span> <span class='ocrx_word' id='word_1_703' title='bbox 1624 5421 1685 5478; x_wconf 77' lang='lat' dir='ltr'>quae</span> <span class='ocrx_word' id='word_1_704' title='bbox 1700 5405 1822 5478; x_wconf 88' lang='lat' dir='ltr'>propriis</span> <span class='ocrx_word' id='word_1_705' title='bbox 1835 5409 1967 5465; x_wconf 90' lang='lat' dir='ltr'>rnanihus</span> 
     </span>
     <span class='ocr_line' id='line_1_67' title="bbox 1168 5495 1966 5566; baseline 0.005 -17"><span class='ocrx_word' id='word_1_706' title='bbox 1168 5495 1210 5549; x_wconf 89' lang='lat' dir='ltr'>rel</span> <span class='ocrx_word' id='word_1_707' title='bbox 1232 5498 1388 5566; x_wconf 86' lang='lat' dir='ltr'>snrnptbus</span> <span class='ocrx_word' id='word_1_708' title='bbox 1405 5496 1505 5563; x_wconf 88' lang='lat' dir='ltr'>culitis,</span> <span class='ocrx_word' id='word_1_709' title='bbox 1518 5505 1546 5552; x_wconf 91' lang='lat' dir='ltr'>et</span> <span class='ocrx_word' id='word_1_710' title='bbox 1560 5498 1708 5553; x_wconf 74' lang='lat' dir='ltr'>alsede...</span> <span class='ocrx_word' id='word_1_711' title='bbox 1725 5498 1896 5555; x_wconf 82' lang='lat' dir='ltr'>animalium</span> <span class='ocrx_word' id='word_1_712' title='bbox 1917 5515 1966 5553; x_wconf 80' lang='lat' dir='ltr'>re-</span> 
     </span>
     <span class='ocr_line' id='line_1_68' title="bbox 1167 5587 1966 5661; baseline 0.004 -19"><span class='ocrx_word' id='word_1_713' title='bbox 1167 5595 1303 5652; x_wconf 84' lang='lat' dir='ltr'>strorunr,</span> <span class='ocrx_word' id='word_1_714' title='bbox 1327 5587 1419 5642; x_wconf 88' lang='lat' dir='ltr'>nullus</span> <span class='ocrx_word' id='word_1_715' title='bbox 1435 5604 1450 5641; x_wconf 90' lang='lat' dir='ltr'>a</span> <span class='ocrx_word' id='word_1_716' title='bbox 1465 5589 1544 5643; x_wconf 86' lang='lat' dir='ltr'>robis</span> <span class='ocrx_word' id='word_1_717' title='bbox 1557 5588 1680 5644; x_wconf 87' lang='lat' dir='ltr'>decimas</span> <span class='ocrx_word' id='word_1_718' title='bbox 1698 5597 1871 5660; x_wconf 82' lang='lat' dir='ltr'>extorquere</span> <span class='ocrx_word' id='word_1_719' title='bbox 1894 5606 1966 5661; x_wconf 82' lang='lat' dir='ltr'>pra·-</span> 
     </span>
     <span class='ocr_line' id='line_1_69' title="bbox 1168 5680 1966 5753; baseline 0.006 -19"><span class='ocrx_word' id='word_1_720' title='bbox 1168 5690 1268 5736; x_wconf 83' lang='lat' dir='ltr'>snmat.</span> <span class='ocrx_word' id='word_1_721' title='bbox 1285 5680 1378 5736; x_wconf 85' lang='lat' dir='ltr'>Liceat</span> <span class='ocrx_word' id='word_1_722' title='bbox 1399 5696 1510 5753; x_wconf 88' lang='lat' dir='ltr'>quoque</span> <span class='ocrx_word' id='word_1_723' title='bbox 1524 5681 1603 5737; x_wconf 82' lang='lat' dir='ltr'>robis</span> <span class='ocrx_word' id='word_1_724' title='bbox 1618 5681 1733 5738; x_wconf 86' lang='lat' dir='ltr'>clericos</span> <span class='ocrx_word' id='word_1_725' title='bbox 1748 5681 1791 5737; x_wconf 78' lang='lat' dir='ltr'>rel</span> <span class='ocrx_word' id='word_1_726' title='bbox 1810 5682 1915 5751; x_wconf 79' lang='lat' dir='ltr'>laicos,</span> <span class='ocrx_word' id='word_1_727' title='bbox 1931 5684 1966 5739; x_wconf 91' lang='lat' dir='ltr'>ii·</span> 
     </span>
     <span class='ocr_line' id='line_1_70' title="bbox 1168 5770 1965 5844; baseline 0.001 -15"><span class='ocrx_word' id='word_1_728' title='bbox 1168 5774 1249 5829; x_wconf 92' lang='lat' dir='ltr'>beros</span> <span class='ocrx_word' id='word_1_729' title='bbox 1263 5782 1290 5828; x_wconf 93' lang='lat' dir='ltr'>et</span> <span class='ocrx_word' id='word_1_730' title='bbox 1305 5773 1457 5844; x_wconf 89' lang='lat' dir='ltr'>absolutos,</span> <span class='ocrx_word' id='word_1_731' title='bbox 1473 5787 1488 5827; x_wconf 87' lang='lat' dir='ltr'>a</span> <span class='ocrx_word' id='word_1_732' title='bbox 1502 5773 1603 5829; x_wconf 74' lang='lat' dir='ltr'>seculo</span> <span class='ocrx_word' id='word_1_733' title='bbox 1620 5770 1767 5843; x_wconf 78' lang='lat' dir='ltr'>fugientes,</span> <span class='ocrx_word' id='word_1_734' title='bbox 1791 5771 1828 5826; x_wconf 92' lang='lat' dir='ltr'>ad</span> <span class='ocrx_word' id='word_1_735' title='bbox 1847 5789 1965 5830; x_wconf 74' lang='lat' dir='ltr'>water·</span> 
     </span>
     <span class='ocr_line' id='line_1_71' title="bbox 1167 5862 1965 5937; baseline 0.004 -18"><span class='ocrx_word' id='word_1_736' title='bbox 1167 5865 1273 5919; x_wconf 89' lang='lat' dir='ltr'>sionem</span> <span class='ocrx_word' id='word_1_737' title='bbox 1286 5864 1419 5934; x_wconf 90' lang='lat' dir='ltr'>recipere,</span> <span class='ocrx_word' id='word_1_738' title='bbox 1429 5872 1457 5919; x_wconf 86' lang='lat' dir='ltr'>et</span> <span class='ocrx_word' id='word_1_739' title='bbox 1470 5862 1860 5933; x_wconf 79' lang='lat' dir='ltr'>eosahsuuceontradictionc</span> <span class='ocrx_word' id='word_1_740' title='bbox 1872 5865 1965 5937; x_wconf 83' lang='lat' dir='ltr'>aliqua</span> 
     </span>
     <span class='ocr_line' id='line_1_72' title="bbox 1166 5955 1966 6027; baseline 0.005 -16"><span class='ocrx_word' id='word_1_741' title='bbox 1166 5957 1303 6024; x_wconf 89' lang='lat' dir='ltr'>retinere;</span> <span class='ocrx_word' id='word_1_742' title='bbox 1327 5957 1503 6027; x_wconf 83' lang='lat' dir='ltr'>prohibentes</span> <span class='ocrx_word' id='word_1_743' title='bbox 1533 5957 1647 6027; x_wconf 86' lang='lat' dir='ltr'>insuper</span> <span class='ocrx_word' id='word_1_744' title='bbox 1677 5965 1706 6012; x_wconf 91' lang='lat' dir='ltr'>ut</span> <span class='ocrx_word' id='word_1_745' title='bbox 1728 5955 1799 6012; x_wconf 89' lang='lat' dir='ltr'>nulli</span> <span class='ocrx_word' id='word_1_746' title='bbox 1842 5957 1966 6015; x_wconf 81' lang='lat' dir='ltr'>rnuura</span> 
     </span>
    </p>
   </div>
   <div class='ocr_carea' id='block_1_13' title="bbox 1167 6048 1966 6124">
    <p class='ocr_par' dir='ltr' id='par_1_20' title="bbox 1167 6048 1966 6124">
     <span class='ocr_line' id='line_1_73' title="bbox 1167 6048 1966 6124; baseline 0.005 -17"><span class='ocrx_word' id='word_1_747' title='bbox 1167 6060 1400 6123; x_wconf 83' lang='lat' dir='ltr'>uestrorum,post</span> <span class='ocrx_word' id='word_1_748' title='bbox 1412 6048 1513 6109; x_wconf 84' lang='lat' dir='ltr'>lactarn</span> <span class='ocrx_word' id='word_1_749' title='bbox 1525 6049 1554 6106; x_wconf 90' lang='lat' dir='ltr'>in</span> <span class='ocrx_word' id='word_1_750' title='bbox 1565 6049 1660 6107; x_wconf 85' lang='lat' dir='ltr'>cedern</span> <span class='ocrx_word' id='word_1_751' title='bbox 1673 6049 1734 6107; x_wconf 90' lang='lat' dir='ltr'>loeo</span> <span class='ocrx_word' id='word_1_752' title='bbox 1744 6050 1966 6124; x_wconf 82' lang='lat' dir='ltr'>protessinusrrr.</span> 
     </span>
    </p>
   </div>
   <div class='ocr_carea' id='block_1_14' title="bbox 0 0 2296 6758">
    <p class='ocr_par' dir='ltr' id='par_1_21' title="bbox 0 0 2296 6758">
     <span class='ocr_line' id='line_1_74' title="bbox 0 0 2296 6758; baseline 0 0"><span class='ocrx_word' id='word_1_753' title='bbox 0 0 2296 6758; x_wconf 95' lang='lat' dir='ltr'> </span> 
     </span>
    </p>
   </div>
  </div>
 </body>
</html>
