4584 6767
339 544 431 626 sis:

894 559 1031 614 ttttatttt't
1053 561 1081 615 S.
1104 559 1134 613 tt.
1158 556 1416 620 &cultibilitatis

1931 569 1978 630 ibi

343 680 378 734 od
395 693 450 741 ros,
463 692 521 729 curn
536 676 623 731 adiero
636 682 717 729 extem
731 673 858 738 uobiscum
870 689 877 735 ;
891 673 1015 739 uttottt'urrt
1033 675 1170 733 successe]
1187 681 1224 725 tes
1250 671 1355 739 paridem
1382 672 1493 758 speciem
1511 672 1628 739 pietatis,
1648 681 1769 727 uirtutem
1786 683 1878 729 cutm
1900 693 1978 736 αω-

343 778 382 825 est
396 766 497 824 impleri
512 768 610 829 omnio,
626 781 687 836 quc
704 764 801 833 scriptio
816 771 876 816 siunt
889 764 915 815 in
930 761 985 831 lepe
997 759 1093 829 Mopsi,
1108 769 1132 813 et

343 860 488 924 uroplntr's,
511 868 535 912 et
548 856 659 927 paulinis
674 859 706 911 de
721 870 771 910 ine.
796 853 926 919 Quoniam
949 855 986 906 sic
1007 854 1133 921 seriptum

342 961 390 1013 eit,
405 959 431 1004 et
453 952 491 1004 xic
514 947 647 1018 oportebat
669 949 725 1017 pntr'
752 945 896 1010 Christum,
920 956 944 999 et
971 949 1132 1019 resurpcieu

342 1042 454 1094 mortuis
466 1041 542 1093 tertia
557 1040 609 1103 die,
624 1049 648 1112 et
661 1039 802 1110 praedicuri
819 1038 845 1090 r'u
865 1038 969 1092 trontius
983 1040 1040 1106 ejus
1052 1040 1135 1107 poerri·

342 1134 451 1186 tentiam
464 1141 487 1186 ct
503 1132 682 1186 remissionem
697 1142 863 1200 peccatorum
885 1132 911 1184 iu
933 1146 1021 1184 castret
1033 1142 1132 1200 pentes,

341 1218 523 1287 incipientibus
544 1219 576 1273 ab
599 1218 766 1289 berctoipum
789 1218 866 1289 (bne.
891 1222 976 1287 xxiv).
999 1218 1068 1274 Ecce
1090 1219 1134 1274 hic

342 1310 487 1364 ruarritestc
510 1319 597 1364 totam
623 1310 792 1380 scripturam
813 1320 931 1366 ueterem
951 1312 977 1364 in
999 1310 1084 1379 legem
1106 1318 1134 1364 et

294 1449 297 1453 ,
341 1393 499 1466 prophetas,
512 1398 540 1452 ct
553 1399 717 1467 psalmorum
730 1398 839 1452 trorniue
854 1398 1018 1468 agiographa
1039 1399 1133 1454 distin·

341 1491 449 1559 gerendo
473 1490 622 1546 concludit.
646 1489 785 1546 ilaberuus
800 1491 882 1561 igitur
897 1490 987 1545 riuum
1013 1492 1039 1546 in
1063 1492 1132 1563 lege,

342 1578 446 1634 calcem
467 1581 493 1634 in
508 1580 659 1658 prophetis,
674 1582 780 1635 cineres
795 1582 820 1636 in
834 1581 1015 1652 :rgiugraphis
1031 1593 1058 1638 ct
1077 1586 1133 1640 sin·
1173 1627 1180 1637 ,

338 1670 411 1741 'gulis
431 1671 527 1726 borum
549 1672 670 1728 historiae
694 1688 792 1743 aqrram
818 1674 992 1743 peruristanr;
1017 1675 1070 1729 inm
1086 1691 1133 1745 per

340 1778 440 1833 aquam
456 1763 578 1818 historiae
595 1763 701 1835 singula
720 1764 777 1819 hauc
802 1764 852 1818 sibi
869 1765 984 1819 invicem
1000 1767 1131 1836 permista

258 1907 262 1920 ,
337 1863 368 1907 et
383 1853 570 1922 conglutinata
588 1869 671 1907 urrann
693 1865 856 1910 curriculum
876 1854 983 1911 ehicerc
1006 1873 1132 1928 cornpro·
1207 1901 1209 1905 ,

1184 773 1276 833 puriter
1298 761 1342 831 (ll
1360 762 1429 821 Tim.
1446 779 1488 829 ιι).
1511 763 1604 821 Tertio
1624 767 1710 835 ipsam
1734 766 1848 846 pietatis
1861 775 1976 841 estepa-

1185 857 1254 909 ciem
1272 853 1408 919 relictura,
1422 861 1450 909 ct
1466 856 1734 912 totiasecclesiastici
1744 858 1850 913 ordinis
1861 853 1976 919 iorrnaur

1185 948 1266 1000 etiam
1281 949 1445 1001 exteriorem
1459 945 1602 1017 rejectura.
1615 947 1691 1014 Quuid
1704 947 1775 1003 iurte
1785 948 1844 1017 ipsa
1857 950 1976 1010 Ecclesia

1186 1036 1211 1089 in
1228 1051 1261 1090 eo
1278 1037 1455 1106 praetigurat,
1478 1040 1550 1107 quud
1567 1040 1656 1094 tribus
1679 1036 1777 1093 diebus
1799 1048 1863 1095 autc
1886 1056 1976 1098 resur·

1186 1126 1333 1180 rectionem
1350 1126 1455 1182 Domini
1475 1124 1630 1198 ingloriam,
1652 1129 1807 1184 indecoram
1819 1138 1847 1186 et
1859 1144 1977 1187 luteren-

1187 1226 1240 1269 tem
1255 1228 1285 1271 se
1299 1216 1421 1281 exhibet,
1435 1219 1549 1287 eoquod
1564 1234 1735 1275 communem
1748 1220 1871 1275 omniunt
1885 1236 1981 1298 resur··

1185 1307 1343 1372 rectionem,
1356 1316 1384 1362 et
1397 1308 1520 1363 uitiatum
1535 1309 1637 1367 Christi
1653 1313 1800 1367 adrentum
1825 1310 1892 1370 talia
1908 1329 1976 1385 pru·

1184 1409 1299 1452 rerrtura
1313 1398 1495 1457 indubitanter
1503 1412 1654 1470 exspectet.

1185 1550 1223 1607 De
1247 1552 1329 1608 tribus
1353 1555 1444 1609 diebus
1468 1555 1674 1624 precedentibus
1693 1553 1862 1612 Dominicam
1878 1558 1975 1616 Resurr-

1220 1625 1379 1688 rrctionem,
1403 1637 1427 1679 et
1455 1628 1486 1678 dc
1513 1636 1610 1695 septem
1642 1628 1793 1698 umipbouis
1815 1630 1973 1687 solemnibus

1219 1696 1351 1749 debuemus
1363 1694 1479 1750 Domini.
1494 1728 1497 1732 -
1859 1708 1874 1727 ⁶

1224 1830 1301 1896 Qrtod
1329 1829 1496 1901 praefigurari
1525 1832 1668 1889 manifeste
1697 1832 1866 1903 dignoscitur
1887 1838 1914 1893 in
1942 1854 1973 1893 eo

341 1941 451 1999 bamur·
478 1940 512 1997 Et
526 1927 596 2001 ’1,ωο
616 1946 730 1999 sorsum,
751 1956 790 2000 es,
813 1943 856 1999 issa
881 1956 951 2012 ma.
967 1963 1047 2018 quam
1064 1951 1130 2004 vidi,
1183 1922 1254 1989 arrad
1279 1920 1417 2016 praedietis
1442 1922 1527 1976 trilms
1552 1922 1647 1977 elichus
1667 1923 1741 1977 horta
1760 1925 1901 1979 canonicae
1916 1925 1973 1982 sius

337 2015 476 2093 ‘Ezechiel'
506 2044 624 2105 quanm,
650 2036 795 2092 mmmm„
823 2038 907 2093 facies
933 2056 982 2109 per
1011 2010 1398 2111 quatuorBsulitoiuitroct
1422 2009 1638 2087 bric-diruatur.
1667 2012 1781 2069 Nannex
1798 2016 1973 2086 principioet

340 2132 431 2193 partes
454 2123 505 2182 ite.

340 2210 379 2266 Dc
396 2223 453 2269 rota
466 2224 585 2281 prtutuor
595 2216 705 2272 habente
717 2218 809 2287 iacies,
822 2231 846 2274 et
860 2237 907 2286 per
915 2232 1030 2291 quotuor
1043 2234 1130 2293 prurtcs

656 2288 818 2344 utribuionte.
1024 2313 1028 2321 ¹

376 2370 495 2430 ilistoria
513 2376 646 2446 siquidem
671 2376 808 2436 hrrruauos
829 2390 907 2437 actus
920 2397 994 2439 more
1012 2382 1133 2439 humana

340 2467 504 2529 retexeiulu,
535 2466 631 2523 iaeieur
662 2468 781 2524 bortrinis
809 2472 952 2528 trianiicstc
979 2476 1129 2543 protendit.

340 2552 394 2609 Lex
410 2572 476 2612 iero
491 2556 575 2629 lloysi
588 2572 785 2631 praecepturum
798 2572 825 2616 ct
838 2563 1052 2632 prohibitionum
1064 2567 1131 2635 iugo

339 2646 407 2700 colla
437 2649 607 2704 sirlnlitarum
630 2660 765 2718 atterens,
792 2653 868 2707 rituli
887 2655 1006 2727 colligati
1032 2656 1131 2715 lacieur

338 2750 533 2809 repraesentem
547 2745 691 2814 prophetia
705 2745 949 2803 comminationum
968 2758 996 2804 et
1010 2751 1129 2820 promis·

280 2853 283 2860 ·
337 2835 1130 2914 sionmnsublimioracontingens,perspicacitatemaqui·

337 2924 370 2979 ise
396 2926 527 2981 imitatur.
556 2930 728 3001 bg'ographa
756 2931 833 2987 duris
863 2933 1074 2999 irrveetioniltus,
1102 2942 1132 2989 ct

337 3015 443 3083 asperis
470 3017 702 3086 increpationibus
725 3018 812 3075 lueriis
832 3022 949 3091 rugitum
974 3024 1130 3092 exprimere

253 3164 256 3172 ¹
338 3116 484 3161 manifeste
497 3119 656 3178 troscnntur,
670 3112 759 3179 attalia
773 3113 799 3165 in
817 3114 938 3181 psallitis,
951 3126 979 3168 nt
992 3125 1032 3169 cst
1044 3114 1128 3171 illud:

339 3185 404 3242 titii
423 3192 556 3246 bantinum
581 3206 712 3268 simileque
730 3200 803 3267 praei
822 3201 899 3255 cortic
922 3198 1009 3273 (Psoi.
1038 3203 1087 3271 tr),
1103 3204 1129 3258 in

337 3276 452 3337 Daniele
463 3292 489 3337 et
510 3283 595 3339 Eadm
612 3303 739 3355 expressa
754 3290 852 3358 sapim
862 3292 1037 3359 replicantur.
1052 3293 1129 3359 Qrtod

336 3376 428 3424 utitem
444 3386 492 3441 per
511 3384 630 3443 qiurtuar
644 3387 737 3445 partes
759 3378 817 3432 lraec
843 3378 883 3432 ire
905 3379 1043 3447 dicuutur,
1062 3382 1128 3437 illud

336 3458 483 3516 marriicste
497 3462 587 3518 innuit
603 3467 675 3534 qtrod
691 3466 804 3521 lr‘istarla
816 3469 849 3522 ad
863 3468 919 3524 sola
933 3472 1044 3539 respicit
1060 3489 1129 3544 pree·

336 3548 429 3616 terita,
446 3552 521 3607 reiut
532 3568 601 3624 aquia
615 3560 804 3626 pretereunda
816 3559 948 3615 delicieris
967 3571 994 3617 et
1007 3562 1128 3621 deducas

336 3639 365 3695 in
385 3640 524 3713 abyssum.
555 3644 713 3702 Secundum
736 3663 849 3704 scrrsum
865 3666 931 3706 uero
946 3654 1127 3722 spiritualem,

336 3740 391 3787 tota
407 3732 465 3803 ipsa
482 3735 625 3807 Scriptura
644 3738 752 3795 Veteris
772 3738 939 3798 Testamenti
957 3737 1051 3799 luitura
1065 3761 1129 3815 pro·

333 3824 454 3893 spiciens
478 3825 503 3878 in
524 3827 661 3882 anteriora
677 3843 707 3885 se
718 3832 853 3900 extendit,
880 3834 1013 3905 triplicem
1024 3835 1126 3893 Christi

333 3915 520 3981 praecantans
546 3917 713 3986 adventuum
738 3919 779 3975 vel
805 3922 934 3992 primurn,
954 3925 1000 3995 qui
1021 3926 1128 3983 ocrrltus

248 4011 253 4024 ·
334 4003 385 4058 luit
411 4015 439 4059 et
466 4006 587 4076 lnxmilis,
613 4010 710 4078 etjam
727 4013 806 4067 nohis
827 4022 870 4068 est
893 4015 1065 4083 praeteritus,
1085 4018 1126 4073 rel

332 4097 493 4164 securrdunr,
517 4098 563 4165 «pul
582 4113 704 4169 praescus
718 4104 872 4172 qrrutiiliea
897 4106 1001 4161 sarrctis
1016 4107 1127 4165 iutinms

328 4188 452 4240 serititur
478 4198 506 4242 et
531 4190 636 4258 dulcis;
654 4193 696 4248 rel
712 4194 833 4260 tertium,
855 4196 900 4267 qui
923 4197 1081 4255 tttuuiiestus
1099 4211 1126 4257 et

334 4278 466 4334 terribilis
490 4281 517 4335 in
544 4282 599 4339 ihre
626 4294 778 4357 tenrporuru
806 4298 991 4359 exspectatur.
1014 4290 1047 4346 ili
1073 4303 1126 4348 tres

332 4368 465 4425 ailreutus
482 4372 518 4426 ita
535 4373 685 4445 Scriptura
707 4378 791 4434 rcteri
820 4380 995 4436 inueniuntur
1018 4382 1126 4451 inserti,

332 4467 361 4513 ut
381 4477 451 4517 trunc
467 4468 593 4523 orrrnibus
605 4484 768 4539 congruere,
784 4488 856 4528 nrrnc
872 4473 994 4543 singulos
1012 4491 1125 4547 separa·

332 4548 380 4602 tim
399 4560 510 4622 tangere
540 4557 673 4613 rideatur.
690 4561 767 4626 Quod
791 4563 935 4619 tnarriieste
947 4565 1084 4621 cernimus
1098 4568 1124 4621 in

1184 2100 1237 2155 fine
1249 2100 1390 2156 innursica
1405 2101 1681 2179 iornra'dijudicatur.
1696 2103 1773 2171 Quod
1799 2112 1904 2171 autem,
1922 2106 1974 2163 oe-

1182 2189 1269 2243 minns
1285 2188 1430 2254 uobiscum,
1457 2190 1580 2256 Oreirrus,
1605 2201 1629 2244 et
1654 2189 1737 2260 lt'pric
1749 2191 1847 2246 eleison
1868 2194 1973 2265 suppri-

1183 2290 1301 2348 muntur,
1326 2282 1480 2338 summitatis
1505 2283 1782 2350 insiuuatdelectuur.
1806 2282 1874 2340 liam
1901 2288 1971 2356 quael

1182 2372 1274 2429 Gloria
1296 2376 1408 2429 ortrrrino
1428 2375 1570 2436 reticetur,
1584 2390 1665 2444 quiem
1692 2375 1771 2430 hodie
1787 2375 1910 2455 Ecclesia
1923 2379 1970 2432 oh·

1183 2466 1260 2529 tinet,
1274 2464 1370 2535 gloriae
1385 2464 1489 2533 apicem
1505 2465 1592 2518 intrarit
1604 2464 1751 2533 aliqirundo
1773 2465 1907 2522 demedio
1921 2465 1972 2519 tul-

1183 2558 1304 2613 lendum.
1320 2555 1378 2612 Nun
1392 2564 1483 2611 tamen
1496 2555 1588 2611 stillico
1604 2558 1661 2610 lraec
1675 2556 1762 2627 gioria
1779 2556 1971 2615 abscondetur.

1183 2649 1229 2705 scil
1245 2648 1376 2718 paulatim
1401 2658 1532 2716 processu
1549 2646 1680 2715 temporis
1699 2645 1845 2708 rirluuetur,
1873 2646 1973 2700 sicula

1183 2739 1325 2794 Dominica
1339 2739 1365 2791 in
1382 2738 1510 2807 passione
1523 2736 1629 2791 Dutirini
1645 2735 1671 2790 iu
1690 2736 1773 2789 missa
1788 2743 1905 2800 tantum,
1928 2734 1972 2788 ribi

1182 2824 1337 2894 specialiter
1365 2826 1450 2897 gloria
1470 2825 1653 2880 sacerdotalis
1673 2824 1798 2895 refulget,
1814 2824 1910 2894 incipit
1932 2839 1973 2878 ie·

1183 2915 1272 2969 ticcri.
1303 2913 1366 2969 llccc
1388 2915 1472 2970 etiarn
1490 2914 1630 2993 distinctio
1645 2916 1671 2969 in
1693 2913 1828 2984 praedietis
1855 2913 1972 2969 'llircais

1183 3006 1331 3077 reperitur,
1354 3022 1417 3062 cum
1439 3007 1602 3062 insecundo
1619 3006 1764 3075 alphabeto
1785 3005 1918 3077 pollulum
1930 3020 1973 3061 re·

1182 3114 1263 3168 guum
1274 3098 1406 3166 etrlejecti
1421 3098 1567 3168 principes,
1580 3107 1694 3156 etonmc
1704 3113 1790 3155 corum
1804 3097 1973 3155 contractum

1182 3188 1359 3258 dispiciatur,
1377 3190 1498 3245 intextio
1513 3191 1646 3261 propheta
1662 3205 1691 3246 se
1706 3193 1866 3246 esserum
1879 3191 1975 3246 rideri·

1184 3288 1449 3348 terrr.panpertatcm
1473 3281 1657 3348 lamentatur;
1675 3282 1702 3335 in
1722 3289 1821 3352 qtratto
1839 3281 1973 3341 obscura·

1183 3376 1239 3422 turn
1256 3384 1369 3438 aurum,
1385 3381 1411 3426 et
1426 3373 1544 3429 colorem
1560 3373 1691 3443 optimum
1717 3374 1820 3444 plangit
1835 3387 1896 3431 csse
1911 3390 1973 3429 uiri·

1182 3468 1280 3514 taurus.
1301 3461 1367 3528 Qua
1383 3464 1446 3519 licet
1462 3465 1496 3519 dc
1507 3464 1604 3520 ultimo
1614 3464 1716 3520 Christi
1734 3466 1852 3518 adventu
1867 3466 1974 3534 specia-

1180 3549 1243 3605 liter
1268 3553 1341 3607 dicta
1369 3553 1576 3626 intelligantur,
1603 3554 1688 3609 nirrlta
1708 3564 1797 3609 tamen
1818 3555 1846 3610 iu
1868 3555 1973 3612 eisdem

1180 3643 1332 3710 alphabetis
1346 3645 1380 3699 ad
1397 3646 1514 3715 primum
1535 3654 1564 3699 et
1595 3644 1743 3700 seeundum
1768 3643 1916 3714 specialius
1931 3660 1974 3699 rc·

1181 3738 1318 3792 tenuitur.
1335 3736 1413 3791 Sicut
1426 3748 1517 3792 autern
1527 3738 1553 3792 in
1563 3736 1685 3792 Ecclesia
1698 3736 1805 3792 Doririni
1821 3731 1974 3792 resurectio

1178 3838 1207 3882 ct
1232 3841 1264 3880 ca
1291 3841 1351 3897 quae
1375 3830 1550 3897 precedunt,
1578 3829 1605 3883 ia
1631 3829 1851 3898 preparationem
1882 3828 1971 3911 ultiusi

1179 3916 1314 3975 adtentius
1324 3919 1515 3988 celebrantur,
1531 3921 1572 3977 sic
1584 3930 1612 3976 et
1624 3935 1656 3975 ea
1667 3937 1728 3991 utrm
1740 3922 1858 3990 primum
1867 3922 1971 3978 Christi

1179 4020 1379 4080 praecesserunt
1393 4012 1551 4077 adrentum,
1579 4013 1605 4067 in
1621 4012 1707 4080 ipsius
1729 4022 1793 4067 sunt
1815 4012 1886 4066 larcia
1900 4027 1972 4082 prae·

1179 4100 1360 4171 prairationeru,
1372 4109 1401 4153 et
1416 4114 1447 4154 ea
1458 4115 1520 4170 quae
1533 4100 1647 4171 singulis
1663 4101 1743 4155 atritis
1756 4102 1790 4155 de
1800 4100 1888 4170 prium
1911 4102 1971 4170 ejus

1179 4195 1296 4248 adrentrr
1313 4193 1472 4249 solemniter
1487 4193 1655 4260 recoluntur,
1670 4195 1752 4249 medii
1763 4196 1880 4249 aduentu
1899 4209 1971 4264 pru·

1178 4289 1317 4357 paratoria
1332 4300 1392 4341 csse
1418 4295 1578 4341 noscuntur.
1593 4285 1671 4354 Quod
1698 4287 1725 4341 iu
1740 4287 1792 4340 illis
1809 4273 1913 4355 septem
1926 4302 1970 4340 su·

1178 4377 1313 4435 lcmuihus
1329 4377 1455 4450 apparuit
1468 4378 1635 4447 antiphonis,
1647 4391 1706 4447 qum
1726 4376 1753 4429 ia
1768 4377 1968 4446 praeparatione

1178 4471 1336 4527 Natiuitatis
1355 4470 1504 4535 beririnicm
1515 4474 1717 4528 decantantur:
1740 4484 1854 4540 qrrarum
1871 4470 1968 4538 periuriis

1178 4573 1305 4634 quatuor,
1336 4562 1444 4618 illonuu
1471 4563 1583 4619 Patrum
1610 4566 1656 4635 qui
1686 4545 1823 4636 predictis
1849 4573 1970 4634 quat-,ror

331 4638 450 4697 'l'hreuis
462 4642 600 4714 berenna,
627 4665 695 4718 quos
718 4636 886 4724 quadruplici
900 4657 1069 4725 distinguens
1083 4660 1124 4714 al·
1139 4691 1162 4745 Β
1178 4655 1303 4709 aetatibus
1325 4654 1482 4725 Scribllffil⁸
1508 4656 1582 4725 ipsas
1609 4656 1765 4721 ididilssffli
1792 4656 1926 4711 ⁰¹³¹¹¹⁰i0⁵
1940 4664 1969 4709 ⁶⁸

330 4730 462 4801 plrahcto,
477 4751 560 4790 arrium
576 4740 609 4793 ad
627 4741 732 4796 ruinam
749 4751 866 4799 terreum
885 4744 1122 4816 denunciarent.
1176 4747 1312 4802 desideria
1324 4750 1528 4819 exprimuntur.
1546 4746 1613 4802 Nam
1629 4749 1788 4817 tribusque
1803 4758 1966 4816 scqrrrtntar,

330 4842 385 4897 qaia
397 4831 429 4883 ad
448 4835 581 4904 triplicem
595 4837 725 4895 ucetestae
740 4855 833 4896 casnm
849 4845 981 4901 direxisse
1006 4848 1121 4902 ridetur.
1142 4900 1145 4904 ,
1176 4840 1234 4908 ipsc
1259 4838 1356 4909 triplex
1368 4840 1473 4896 Christi
1497 4842 1629 4896 adrentus
1648 4840 1683 4893 ah
1707 4839 1810 4894 eisilem
1829 4840 1966 4907 piraticus

332 4918 495 4978 sicutenim
511 4937 620 4982 terrena
632 4928 785 4987 ierusalem
800 4936 920 5004 prinsde
932 4938 1016 5007 gloria
1033 4942 1121 5011 regui,
1174 4932 1301 4989 Patribus
1320 4934 1451 5003 perculsus
1467 4942 1495 4988 ct
1507 4934 1679 4989 desideratus
1691 4918 1823 4987 irruuitnr.
1844 4933 1967 5000 Quatuor

271 5023 274 5028 ’
330 5018 474 5085 posteade
499 5020 758 5092 pluria-sacerdotii,
786 5029 865 5084 tertio
881 5030 914 5085 de
926 5030 1052 5102 legalium
1069 5049 1123 5089 cte·
1174 5028 1256 5082 etiam
1270 5028 1407 5097 praedictis
1425 5028 1582 5095 antiphonis
1598 5034 1716 5096 otiatuor
1735 5025 1847 5080 secundi
1865 5025 1966 5077 adren-

330 5109 702 5184 terrioniarum.obseruantia
718 5120 981 5191 legiturcorrnisse:
998 5134 1034 5188 et,
1051 5126 1122 5182 sicut
1175 5129 1219 5175 lus
1248 5121 1442 5189 muneratoria
1463 5119 1662 5175 ostenduntur.
1683 5115 1750 5171 Nam
1775 5132 1822 5186 per
1848 5118 1964 5185 priruaur

330 5200 459 5271 ternplum
477 5204 594 5273 prinrua
616 5207 749 5265 Chahlaeis
767 5212 948 5277 destructum,
973 5219 1119 5272 secundun
1173 5211 1331 5265 excitantur
1347 5214 1428 5267 corda
1442 5210 1607 5280 torpentium
1622 5212 1656 5263 ad
1668 5207 1846 5275 surgendum,
1867 5221 1965 5260 secan·

329 5288 756 5361 ttraeeispratanarun,terrica
780 5303 1120 5377 Rurnrrrrispenitusinre.
1172 5306 1237 5359 duur
1267 5303 1331 5359 illud
1350 5322 1356 5357 :
1373 5302 1462 5358 bledla
1490 5312 1564 5356 nocte
1593 5301 1694 5353 elamor
1718 5301 1805 5367 peetus
1830 5308 1886 5361 est,
1907 5315 1964 5351 erce

330 5382 405 5436 uritur
427 5386 564 5457 deletum;
595 5390 634 5446 sic
649 5392 798 5460 spiritualis
826 5395 986 5464 Jerusalmu,
1003 5411 1119 5470 quaeest
1172 5413 1284 5467 speruus
1310 5394 1505 5463 netritillattlr.
1527 5395 1603 5463 xxv).
1621 5391 1747 5446 Secunda
1766 5391 1899 5445 excitatos
1917 5393 1966 5443 ad·

329 5471 461 5538 Ecclesia,
488 5481 564 5547 prius
591 5497 605 5535 a
633 5486 812 5542 sacerdotalis
837 5492 1008 5547 auctoritatis
1031 5494 1120 5547 liurni-
1172 5497 1265 5545 uroiret
1291 5488 1324 5543 ad
1340 5489 1570 5555 concridamque
1581 5499 1698 5554 sponsus
1710 5484 1900 5551 suscipiendus
1911 5492 1964 5546 est,

329 5562 420 5618 lianda
437 5578 478 5621 est
492 5569 577 5638 gloria
591 5583 618 5626 ct
633 5573 775 5644 dignitate,
801 5581 1119 5641 serrrrnluaChristiaum
1172 5582 1272 5645 locutu,
1295 5579 1373 5645 juxta
1401 5578 1466 5632 illud
1491 5578 1562 5646 qarod
1587 5575 1766 5645 sequitur·in
1795 5574 1962 5644 Evangelia:

233 5682 239 5692 ·
328 5656 470 5724 religionis
484 5660 593 5725 uirtute,
613 5671 641 5717 et
655 5668 809 5723 sanctitatis
824 5670 997 5740 siaiplicitate
1009 5688 1138 5739 casura„
1172 5670 1245 5724 Tunc
1263 5677 1432 5722 surrexerunt
1446 5681 1534 5720 omnes
1560 5666 1672 5735 cirpines
1688 5663 1741 5717 ille·
1756 5673 1780 5717 et
1805 5671 1963 5716 ornenenmt

291 5767 303 5781 ‘
325 5758 1118 5835 securuhrurquadprophetansllpostulus:lrrirouirsimis,
1171 5761 1305 5829 luditilla
1329 5777 1403 5815 litai·
1435 5759 1525 5814 'filiii
1551 5760 1586 5812 ad
1616 5755 1793 5821 Obilffll‘iflm·
1814 5756 1964 5811 secundum

325 5849 425 5918 inquit,
439 5851 531 5905 diebus
545 5862 621 5906 erum
636 5852 753 5911 irorniues
765 5859 862 5927 seipsos
875 5871 1003 5925 urrrurnes,
1015 5862 1116 5930 cupidi,
1172 5855 1237 5910 iilud
1257 5872 1263 5908 :
1286 5852 1416 5908 Exierunt
1441 5854 1541 5931 obuiam
1565 5867 1660 5920 sperato
1677 5860 1702 5903 et
1726 5863 1840 5917 sponsor.
1861 5848 1964 5915 Quarta
1984 5895 1988 5908 .

324 5944 399 6015 eluti,
421 5947 582 6017 uoirrptatnm
597 5962 730 6007 certatores
745 5950 918 6020 aeacidarum
936 5951 993 6019 Dei,
1020 5953 1118 6007 buben·
1155 5948 1205 6030 ¹illl
1234 5946 1402 6013 intrandum,
1427 5943 1615 6000 Sli¹¹¹¹¹l⁶l¹¹¹l
1634 5958 1641 5995 ἓ
1659 5940 1725 6005 erte
1748 5948 1851 6009 baim
1868 5947 1961 6005 ‘fami
