4584 6767
331 623 403 683 ists

956 614 1155 673 cunnbn‘rts
1173 614 1208 672 tn
1227 612 1340 670 PAPAE.

1861 656 1866 663 .
1909 604 1971 665 bill

321 739 383 810 jure
399 736 511 793 retinere
521 741 738 806 poterot5p0rro
752 742 875 805 quartam
927 741 993 787 orta
1007 730 1117 802 fabricis
1132 732 1157 791 Α
1170 728 1360 800 possessiones
1372 721 1492 790 auterre,
1504 724 1547 780 rel
1562 722 1669 780 ablatas
1688 719 1828 788 retium,
1851 718 1972 777 minuere

325 807 431 874 debila,
446 822 495 877 pro
507 807 702 861 restauratione
716 806 836 859 matricis
847 820 890 859 ecc
902 805 975 868 esioe,
984 802 1057 872 ,inste
1069 800 1117 855 de·

327 877 437 933 tinebat.
455 876 568 947 ideoqve
580 893 627 930 nos
644 876 677 930 de
691 875 826 943 praedictis
844 884 942 929 remoto
959 871 1119 941 appellatio-

326 950 368 1004 nis
379 945 516 1002 obstaculo
536 955 729 1014 coarmantes,
743 946 844 999 auditis
860 954 885 999 et
903 944 1016 1014 capnitis
1036 942 1120 996 ratio·

326 1019 422 1083 nibus,
450 1016 666 1071 attestationibus
694 1026 719 1069 et
744 1014 952 1085 allegationibus
980 1014 1120 1081 utriusque

325 1089 411 1159 partis
426 1097 451 1142 et
463 1087 603 1158 dilipenter
617 1087 752 1153 inspectis,
770 1086 860 1140 babilo
875 1101 977 1155 meoque
991 1098 1119 1154 qnorum·

325 1160 389 1213 llum
415 1159 563 1224 sapientum
583 1157 739 1210 clericorum
756 1158 879 1222 cornilio,
903 1154 1119 1226 praenuntiamus,

327 1237 357 1282 ιιι
378 1228 501 1297 predicti
526 1227 634 1296 plebani
648 1236 674 1279 et
697 1227 846 1281 sacerdotes
866 1236 990 1297 quartam
1014 1222 1118 1276 clericis

324 1300 482 1367 deputatam
501 1298 701 1366 aporocltianis
719 1298 776 1351 suis
791 1298 993 1378 provenientem,
1006 1292 1118 1346 babeant

325 1368 488 1437 praecipuam
506 1376 531 1421 et
546 1369 691 1436 intensam,
706 1377 732 1422 et
752 1384 880 1437 cujusque
892 1366 1010 1421 ecclesiae
1029 1362 1118 1417 clerici

253 1441 256 1446 '
326 1438 517 1507 praedictorum
543 1437 716 1491 ecclesiarum
739 1447 865 1508 quartam
886 1453 945 1507 qnae
959 1436 991 1490 tle
1009 1434 1118 1488 decimis

326 1524 436 1562 suornm
455 1508 677 1576 poroclvianornm
691 1508 838 1577 provenerit
855 1508 924 1561 inter
938 1522 965 1560 se
978 1505 1117 1568 divitiam,

326 1587 352 1633 st
367 1579 573 1633 cortdemnamns
594 1578 752 1648 pradictum
766 1578 936 1631 Leonordum
962 1582 1119 1644 procvrato-

326 1658 421 1702 semet
439 1649 607 1717 episcopum,
628 1659 656 1701 nt
683 1649 838 1716 permittant
854 1664 898 1701 eos
915 1647 1003 1717 quiete
1017 1645 1055 1699 sic
1071 1645 1120 1697 ba-

326 1716 395 1784 bere,
412 1728 438 1773 et
452 1719 578 1773 dividere.
598 1717 749 1788 Pensatum
767 1718 936 1772 Leorrardum
959 1723 1119 1786 procvrato-

325 1804 380 1842 rem
395 1798 420 1843 et
435 1791 521 1857 ipsvm
543 1790 695 1858 episcopam
715 1806 732 1842 a
750 1791 876 1858 petitione
896 1797 1000 1858 qvartoe
1021 1785 1119 1855 partis,

324 1874 405 1927 quum
420 1859 663 1929 episcopussolitns
677 1861 850 1925 eatretinere,
866 1874 899 1912 ec
909 1867 1006 1927 quarto
1021 1871 1119 1925 paupe-

325 1928 399 1983 ribns
428 1929 517 1983 debita
546 1938 571 1983 et
596 1930 758 1996 apetitione
783 1929 894 1982 alterins
911 1938 1014 1998 quartu
1032 1925 1118 1994 portis

325 2012 405 2068 meant
421 1998 454 2052 de
476 2008 572 2068 quarta
587 2009 662 2069 porte
679 2000 789 2068 [obticis
814 1999 904 2052 debita
917 2014 965 2066 pro
981 2007 1118 2051 restaura·

326 2068 399 2121 tione
425 2071 546 2124 matricis
571 2069 689 2124 ecclesiae
710 2068 860 2127 detinebat,
887 2084 966 2138 quom
988 2065 1156 2136 praelutnsss

326 2138 530 2193 arclridioconns
549 2148 574 2192 et
585 2149 742 2208 procvrator
754 2155 801 2208 pro
813 2155 882 2209 sape
896 2138 976 2190 dictis
997 2136 1115 2207 plebanis

324 2217 350 2261 et
366 2208 545 2263 sacerdotibus
567 2210 683 2277 faciebat
706 2209 876 2263 absolvimus.
899 2206 932 2259 Et
952 2216 981 2259 ιιι
1003 2207 1058 2260 ltoec
1074 2222 1118 2259 ve·

326 2276 382 2335 sites
395 2292 412 2330 a
425 2278 499 2332 nobis
516 2288 577 2331 arta
591 2279 743 2345 creduntur,
765 2280 879 2348 propriis
902 2277 997 2348 sipillis
1018 2276 1118 2331 nostris

327 2346 414 2416 ipsam
431 2349 557 2430 insipniri
569 2349 690 2419 [ecimus.

364 2416 464 2473 lictum
484 2434 512 2471 ιιι
536 2435 642 2473 camera
664 2418 808 2489 episcopali
832 2418 975 2473 Podunna.
1005 2417 1116 2472 Testes:

328 2488 459 2552 Adamas,
472 2487 634 2555 Almericus,
644 2487 767 2554 Cervius,
782 2489 961 2553 Tornboonvs,
977 2487 1117 2542 Titeotoni·

327 2557 419 2623 cellas,
433 2556 572 2628 Upolinvs,
583 2561 705 2613 canonici
717 2559 852 2627 Paduani,
863 2559 1003 2629 Presbyter
1015 2555 1118 2611 Panlns

326 2627 477 2683 deecclesia
485 2626 699 2684 Sanctidndreoe
706 2633 832 2700 maqister
841 2628 1013 2698 episcopellus
1024 2627 1117 2682 Sancti

326 2695 452 2761 blortini,
470 2698 586 2753 blicltoel
606 2700 743 2769 presbyter
755 2712 780 2756 et
801 2701 927 2770 plebanus
946 2698 1040 2754 Sancti
1060 2696 1118 2750 An·

325 2768 376 2887 pell
387 2770 420 2823 de
437 2768 563 2833 venetiis,
577 2768 725 2827 liutualdus
736 2771 847 2825 clericas
860 2770 977 2840 eiusdem
987 2768 1116 2824 ecclesia.

309 2874 311 2878 ψ
336 2838 490 2961 supradinus
508 2838 620 2894 clericas
639 2838 747 2895 Sancta
771 2840 874 2908 Lucios,
897 2839 1000 2910 casatas
1017 2849 1042 2894 et
1068 2837 1118 2893 alli

326 2910 414 2963 muti.

361 2977 418 3049 Epo
434 2978 554 3035 barrinas
573 2980 676 3036 domini
696 2979 720 3033 F
722 2982 834 3036 roderici
850 2980 1018 3051 imperatoris
1031 2977 1117 3033 tabel-

245 3074 250 3085 ·
326 3046 363 3103 lio
377 3050 504 3118 interlui,
524 3060 550 3105 et
567 3051 636 3105 banc
662 3054 821 3107 sententiam
839 3054 918 3122 jussu
937 3052 1039 3104 domini
1059 3050 1117 3119 epi·

324 3120 397 3187 scopi
407 3121 467 3188 jam
484 3122 560 3184 dicti,
572 3131 596 3175 et
619 3120 746 3175 Vitalioni
758 3124 878 3177 canortici
893 3121 1018 3176 Padaani
1035 3128 1059 3174 et
1074 3135 1119 3173 vr·

326 3189 477 3243 cisiliaconi
495 3192 602 3261 scripsi.

264 3302 269 3312 ·
360 3278 429 3346 Quia
448 3291 515 3337 vcro
533 3283 566 3337 de
580 3294 678 3352 quarta
690 3293 766 3353 parte
783 3298 845 3353 quse
859 3282 1054 3339 restaurationi
1077 3289 1119 3336 cst

1172 835 1221 876 seu
1246 817 1418 891 quibuslibet
1442 816 1636 873 vexationibus
1655 814 1788 885 fatigare,
1810 812 1864 868 sed
1887 815 1972 870 orasis

1172 911 1277 981 integra
1300 915 1498 965 cariserventur
1512 921 1619 974 eorum,
1634 920 1685 976 pro
1696 920 1825 975 quorum
1841 904 1973 975 guberua-

1170 1002 1244 1057 tione
1260 1016 1293 1056 ac
1310 982 1510 1055 sustentatione
1524 1014 1656 1054 concessa
1666 1006 1743 1063 sunt,
1759 995 1869 1052 usibus
1884 998 1970 1052 bmni-

1170 1096 1260 1152 modis
1275 1095 1427 1166 prolatura,
1443 1094 1518 1151 salua
1532 1093 1606 1149 sedis
1620 1092 1785 1163 apostalicae
1796 1091 1974 1153 auctoritate,

1171 1197 1199 1244 et
1216 1188 1365 1247 dioecrsani
1382 1187 1502 1258 episcopi
1519 1185 1654 1242 canonica
1667 1185 1794 1260 iustitia.

1207 1278 1237 1337 si
1261 1296 1316 1351 qna
1341 1280 1423 1351 igitvr
1449 1280 1477 1335 in
1503 1280 1626 1334 lnttnvm
1648 1278 1847 1334 ecclesiastica
1865 1279 1975 1335 saeculs·

1170 1375 1244 1432 risse
1266 1389 1397 1446 persona,
1411 1373 1482 1428 banc
1499 1380 1601 1427 nostrae
1619 1371 1838 1435 constitutionis
1850 1372 1975 1443 pagiuam

1170 1471 1273 1530 sciens,
1289 1475 1385 1522 contra
1408 1480 1469 1520 cant
1494 1474 1598 1519 temere
1620 1464 1716 1518 uenire
1743 1464 1914 1528 tentaverit,
1934 1478 1975 1519 se·

1168 1559 1259 1615 cundo
1276 1560 1389 1614 tertiove
1412 1557 1591 1619 castimoniis,
1612 1555 1665 1611 nisi
1680 1563 1796 1611 reatuin
1813 1572 1901 1611 sunm
1915 1571 1978 1611 oon-

1169 1669 1237 1726 qrua
1251 1651 1441 1708 satisfactione
1458 1651 1620 1715 correxerit,
1635 1648 1787 1719 potestatis
1804 1648 1977 1718 honorisque

1169 1747 1213 1803 sui
1227 1745 1359 1816 dignitate
1377 1751 1625 1813 certantemque
1644 1757 1675 1797 se
1690 1741 1791 1796 alirino
1802 1741 1916 1811 judicio
1926 1743 1978 1796 eui

1170 1848 1243 1894 stcre
1255 1839 1288 1893 de
1305 1844 1461 1908 perpetrata
1478 1836 1623 1906 iniquitate
1638 1842 1807 1905 cogitoscat,
1820 1842 1878 1889 eta
1891 1850 1976 1889 sacra

1170 1931 1277 1987 tissima
1303 1943 1420 1999 corpore
1441 1943 1474 1984 uc
1499 1926 1633 1999 sanguine
1658 1926 1706 1981 liei
1732 1934 1763 1982 et
1786 1925 1905 1983 Domini
1928 1926 1976 1982 lie·

1169 2022 1321 2093 detnptoris
1347 2018 1434 2075 nostri
1458 2015 1523 2074 lesu
1537 2016 1640 2072 Cinisti
1655 2017 1744 2071 alicua
1762 2017 1832 2082 liat,
1846 2025 1934 2088 atque
1951 2018 1976 2071 iu

1172 2125 1295 2171 extremo
1311 2111 1437 2168 examine
1448 2110 1581 2166 districtae
1597 2109 1694 2165 ultioni
1709 2109 1875 2180 subjaceat.

1208 2207 1321 2263 Cunctis
1336 2214 1426 2260 autent
1442 2203 1531 2258 cidens
1554 2202 1615 2258 loco
1629 2217 1679 2258 sua
1690 2201 1758 2271 jara
1775 2204 1968 2265 semarrsibns,

1173 2302 1209 2360 sit
1226 2317 1280 2372 pax
1300 2289 1411 2353 Domini
1434 2295 1521 2351 nostri
1543 2293 1609 2350 lesu
1631 2292 1756 2359 Glaristi,
1786 2302 1933 2364 quatenus
1950 2304 1974 2348 et

1173 2394 1218 2451 bic
1233 2393 1353 2447 lrrtctnm
1368 2389 1448 2443 bonae
1463 2385 1581 2441 actionis
1596 2384 1773 2456 percipiant,
1786 2395 1817 2439 ct
1842 2386 1918 2457 apud
1937 2386 1961 2439 di

1173 2486 1299 2543 strictum
1328 2480 1448 2552 jndicem
1485 2477 1597 2548 praemia
1635 2484 1746 2532 aterne
1779 2478 1864 2548 pacis
1903 2478 1973 2532 inre·

1173 2579 1260 2633 uiant.
1273 2574 1371 2628 Anien.
1385 2571 1483 2625 buten
1499 2568 1596 2624 Arnen.

1208 2667 1404 2740 Egolllenreus
1424 2662 1573 2718 Catltnlicae
1598 2660 1729 2718 Ecclesiae
1743 2661 1903 2732 episeopus
1922 2676 1957 2718 ss

1210 2763 1266 2833 Ego
1278 2756 1454 2815 ttseovatdus
1465 2753 1619 2811 liastiensis
1630 2764 1659 2810 et
1671 2752 1862 2810 velletrensis
1873 2754 1975 2825 spissa

1173 2872 1398 3020 ΙΝὲιζιῗθιιιιιιιιιι
1424 2943 1516 3015 presb.
1534 2942 1610 2999 eard.
1630 2951 1697 2996 tvnc
1722 2939 1863 3009 temporis
1884 2938 1986 2994 Sancti¹

1173 3041 1426 3203 Madgdslssaborans
1443 3126 1536 3199 presb,
1562 3125 1637 3180 card.
1663 3122 1693 3175 S.
1710 3120 1809 3178 llariae
1834 3132 1914 3178 trans
1929 3121 1973 3176 'li-

1174 3226 1261 3281 berirn
1276 3232 1341 3279 tunc
1353 3220 1484 3290 tenrporis
1493 3217 1594 3274 Calisti
1607 3232 1647 3271 ss.
1711 3281 1717 3288 .

1209 3316 1267 3388 Ego
1288 3310 1441 3370 Pandnllus
1457 3311 1549 3382 presb.
1563 3308 1639 3364 card.
1661 3306 1836 3361 Sanctorum
1858 3305 1974 3362 instruis

325 3372 451 3429 ecclesia
475 3369 620 3445 deputata,
637 3382 764 3444 quartam
781 3375 834 3468 sibi
859 3384 886 3429 et
910 3373 1119 3429 successoribus
1133 3407 1154 3464 C
1170 3419 1198 3465 et
1208 3407 1286 3463 Μ
1300 3416 1366 3462 [unc
1384 3403 1516 3474 ,emporis
1527 3398 1698 3455 pammachii
1715 3413 1754 3454 5⁵·

326 3464 385 3520 snis
413 3474 583 3521 memoratus
608 3466 755 3536 episcopus
776 3481 826 3536 pro
849 3465 974 3520 matricis
996 3464 1120 3521 ecclesiae
1210 3500 1266 3571 Ego
1285 3498 1387 3554 Petrus
1410 3494 1503 3567 presb·
1520 3492 1595 3548 md·
1619 3499 1684 3546 mne
1701 3490 1840 3559 ,emporis
1867 3489 1976 3546 sam

327 3554 447 3611 utilitate
463 3563 598 3626 perpetuo
615 3556 779 3621 reservavit,
802 3565 829 3610 et
848 3555 918 3610 alias
933 3562 1025 3625 partes
1047 3554 1122 3624 ejus·

325 3646 387 3702 siem
403 3656 508 3716 quartae
525 3645 572 3701 tibi
587 3656 614 3702 et
628 3647 838 3703 successoribus
851 3647 906 3701 tuis
928 3646 956 3700 in
977 3644 1120 3701 communi

326 3738 471 3811 privilegio
486 3739 621 3810 plebanis,
634 3740 827 3795 sacerdotibus
841 3749 924 3809 atquo
935 3738 1043 3793 clericis
1053 3737 1121 3791 alia-

326 3846 388 3885 rum
403 3830 583 3886 ecclesiarum
599 3845 746 3895 cattcesso,
759 3845 809 3901 pro
827 3830 981 3886 reficiendis
997 3828 1121 3884 ecelesiae

325 3931 424 3978 uestra!
439 3920 554 3978 lubricis
571 3931 653 3992 atquae
669 3923 758 3988 libris,
774 3921 891 3991 aliisque
910 3920 1121 3976 necessitatibus

326 4013 424 4070 statuit
439 4012 633 4080 conlerendas,
653 4029 687 4069 ac
701 4014 736 4069 de
755 4022 853 4083 quarta
871 4010 1039 4082 pauperibus
1051 4010 1122 4065 assi·

294 4123 297 4128 ·
325 4114 420 4177 quatu,
450 4106 565 4161 sicuter.
589 4115 683 4160 terrore
707 4105 841 4175 privilegii
862 4105 984 4175 ejusdem
1000 4103 1120 4173 episcopi

326 4195 471 4250 manifeste
482 4196 649 4265 comparuit,
662 4207 718 4251 tres
731 4206 823 4264 partes
838 4195 975 4265 parochiae
989 4202 1042 4248 tuae
1053 4209 1122 4264 pan·

326 4291 439 4364 peribus
454 4291 551 4347 statuit
576 4291 648 4346 idern
664 4290 811 4361 episcopus
835 4289 1000 4361 erogandas,
1021 4296 1120 4358 quarta

327 4382 379 4438 sibi
389 4382 455 4438 dum
468 4384 571 4440 vireret
584 4391 734 4452 reservata,
749 4397 800 4437 nus
815 4380 1020 4438 concessionem
1032 4380 1121 4450 ipsam

327 4474 399 4529 sicut
414 4474 449 4529 ab
464 4475 562 4531 codem
581 4476 712 4546 episeopo
726 4474 860 4533 canonice
872 4472 998 4544 lactajcst
1011 4480 1038 4528 et
1052 4471 1122 4531 scti-

314 4574 375 4644 ⁴pto
393 4565 553 4622 authentico
580 4567 707 4633 liumata,
732 4566 875 4637 praesentis
899 4550 996 4634 scripti
1022 4563 1121 4633 pagina

327 4658 512 4719 roboramus,
533 4657 650 4713 lactendi
668 4667 799 4728 praeterea
811 4656 967 4712 securitatis
981 4654 1121 4711 cbartnlas

328 4749 503 4817 parocbiauis
519 4750 574 4803 tais
596 4765 611 4803 a
629 4751 730 4819 quibus
745 4748 866 4804 decimas
890 4748 1036 4818 receperis,
1061 4746 1119 4815 plc-
1137 4746 1160 4801 b

329 4851 393 4891 trans
411 4837 459 4890 tibi
486 4849 513 4891 et
531 4837 738 4893 successoribus
762 4839 817 4892 tuis
837 4838 983 4892 tribuimus
1005 4837 1121 4892 lacvlta·

328 4936 394 4983 tem.
412 4925 571 4984 statuentes
587 4941 616 4983 nt
630 4944 810 4999 quascunque
832 4929 1032 4999 possessiones,
1046 4943 1119 4998 qute-

329 5023 438 5089 cunqde
457 5020 531 5075 bona
554 5022 713 5096 supradicta
737 5020 852 5076 eeclesia
873 5019 1121 5082 impresentiarum

326 5116 443 5186 instent
467 5116 599 5171 cationice
623 5115 758 5186 possidet,
783 5122 830 5169 aut
849 5114 877 5169 iu
908 5113 1033 5168 laturum
1058 5127 1123 5168 cota·

329 5208 456 5265 cessione
477 5207 653 5278 pontificum,
675 5207 821 5278 largitione
846 5222 939 5278 regum
952 5207 994 5260 rel
1017 5204 1121 5277 princi·

329 5316 413 5373 pum,
436 5302 574 5357 oblatione
600 5302 742 5369 bdelium,
759 5318 807 5358 seu
829 5301 891 5357 aliis
916 5300 1121 5371 justismodis,

329 5403 477 5463 praestante
495 5392 623 5461 butrino,
648 5395 751 5465 poterit
773 5394 907 5463 adipisci,
922 5395 999 5448 lirina
1026 5392 1121 5459 robis,

330 5487 485 5556 rastrisque
507 5487 716 5543 successoribus
727 5496 754 5541 et
768 5487 871 5542 illibata
885 5493 1074 5557 permaneant,
1090 5481 1121 5537 ln

330 5581 432 5650 qtnbns
451 5582 509 5637 baec
526 5583 648 5653 propriis
660 5582 790 5638 dusinnts
811 5583 986 5653 exprimenda
1008 5581 1124 5637 vocabu·

330 5673 385 5728 lis:
404 5673 507 5729 Locum
523 5674 612 5743 ipsura
631 5675 658 5730 in
677 5691 732 5745 quo
747 5674 858 5746 praelata
875 5673 991 5730 ecclesia
1015 5675 1065 5728 sita
1082 5678 1136 5727 est·

267 5756 277 5832 j
331 5779 393 5819 curn
407 5766 536 5821 omnibvs
549 5767 721 5835 pertinentiis
733 5768 802 5828 suis,
819 5781 881 5821 cum
899 5766 988 5831 torris,
1007 5764 1122 5820 callibus

331 5865 357 5911 ct
372 5858 436 5912 aliis
450 5856 578 5912 natatibus
588 5857 676 5912 eidem
690 5860 813 5915 ecclesia,
827 5857 1037 5928 pcrtinentibus.

367 5944 547 6003 decernimus
560 5961 636 6017 erqo,
654 5958 684 6003 nt
698 5950 764 6003 stalli
780 5950 894 6003 amitino
918 5949 1059 6004 bominum
1082 5946 1123 6003 las

333 6036 371 6100 sit
383 6036 523 6110 prelatum
535 6039 681 6101 ecclesiam
695 6049 797 6096 temore
811 6039 985 6115 perturbare,
1000 6049 1048 6097 sut
1062 6039 1123 6112 cjns

1173 3592 1420 3756 cegg'dellsjdullus
1436 3678 1560 3735 ecclesiae
1574 3675 1710 3731 Praxedis
1723 3649 1815 3747 presb.
1839 3676 1918 3730 card.
1936 3691 1974 3731 sc

1208 3777 1266 3848 Ego
1282 3774 1487 3831 lacobnsdiac.
1506 3768 1582 3828 eard.
1606 3768 1716 3825 Sanctae
1728 3765 1821 3825 ilariae
1846 3766 1876 3821 in
1898 3765 1974 3823 Coa

1174 3871 1266 3927 medin
1280 3885 1319 3925 ss.

1209 3962 1265 4032 bgo
1274 3960 1423 4016 Gratianus
1436 3956 1600 4013 Sanctarum
1609 3953 1974 4011 eosmaeesnamtanttrsc.

1174 4054 1252 4109 card.
1269 4068 1308 4107 ss.

1209 4144 1267 4215 Ego
1281 4141 1448 4199 Octarianns
1461 4140 1625 4197 Sanctorum
1642 4137 1731 4211 Sergii
1742 4148 1772 4195 ct
1786 4138 1892 4194 Bsccbi
1904 4138 1973 4206 diac.

1143 4261 1147 4269 ·
1173 4221 1250 4292 card,
1268 4251 1305 4290 ss.

1209 4330 1266 4401 Ego
1285 4328 1425 4384 Sollrcdns
1452 4327 1560 4384 Sanctae
1574 4326 1667 4383 blaciae
1683 4325 1711 4381 in
1735 4323 1788 4381 Via
1805 4324 1875 4381 Lata
1903 4326 1973 4381 diac.

1174 4423 1250 4479 eard.
1268 4438 1306 4478 ss.
1479 4414 1481 4417 ’
1654 4411 1660 4420 ’

1210 4512 1425 4582 EgeGregorins
1448 4512 1556 4568 Sancta
1578 4510 1672 4567 blariae
1704 4510 1733 4564 iu
1756 4508 1876 4567 Partica
1902 4511 1972 4566 disc.

1175 4607 1252 4661 eard.
1269 4622 1307 4661 ss.

1210 4698 1267 4768 Ego
1282 4697 1404 4753 laurinus
1417 4696 1492 4751 Felix
1515 4698 1590 4755 alise.
1608 4695 1686 4754 card.
1709 4692 1808 4752 Sancti
1834 4695 1973 4755 Enstscbt'i

1171 4792 1250 4862 juxta
1267 4791 1397 4859 ternplum
1416 4789 1542 4860 Agrippae
1557 4804 1594 4844 ss.

1210 4884 1267 4954 Ego
1284 4881 1404 4936 loannes
1429 4880 1521 4936 Sancti
1537 4879 1674 4935 Tbcodori
1687 4879 1760 4936 diac.
1779 4881 1859 4937 rard.
1875 4897 1916 4937 ss.

1212 4975 1309 5030 batum
1323 4973 1451 5029 Laterani
1471 4990 1520 5045 per
1538 4989 1649 5029 manum
1675 4972 1783 5045 lloysi,
1802 4986 1909 5032 sanctae
1924 4974 1974 5030 ilo-

1175 5083 1264 5123 nranae
1292 5065 1422 5122 Ecclesiae
1448 5066 1629 5133 subdiaconi,
1656 5065 1744 5121 vicem
1766 5067 1882 5139 agranis
1909 5082 1971 5122 can·

1174 5159 1297 5226 cellarii,
1313 5158 1403 5214 rldus
1418 5158 1492 5213 lttrtii
1503 5200 1511 5225 ,
1524 5158 1674 5213 indictione
1699 5173 1747 5225 ru,
1766 5157 1974 5215 incarnationis

1175 5250 1323 5306 bontiniccc
1353 5265 1427 5303 auno
1453 5247 1541 5316 1188,
1564 5247 1743 5326 pontificatus
1772 5263 1842 5304 uero
1869 5249 1973 5306 domiai

1173 5342 1323 5400 Cletnentis
1343 5356 1420 5411 papae
1432 5356 1479 5405 ιιι,
1497 5355 1569 5395 annu
1582 5340 1681 5410 primo.

1175 5504 1363 5561 Sacerdotibus
1375 5513 1400 5559 et
1408 5504 1510 5559 clericis
1524 5430 1632 5558 dm
1641 5500 1737 5556 linem
1749 5505 1849 5559 matris
1865 5503 1976 5559 Domini

1209 5577 1356 5644 portionem
1366 5570 1976 5643 decimarvmipsisallorcoNicoluseps'seops

1212 5644 1364 5702 castellano
1377 5660 1526 5700 coarcessom
1538 5643 1684 5713 apostolica
1695 5646 1863 5699 anctoritate
1875 5646 1976 5715 confit·

1210 5725 1275 5780 snat,
1290 5724 1368 5796 utque
1391 5715 1460 5769 bona
1481 5715 1565 5783 ipsius
1587 5712 1706 5769 sectata
1721 5712 1799 5769 salvs
1817 5724 1844 5771 st
1867 5714 1978 5771 illibata

1210 5785 1338 5840 demum
1409 5854 1580 5928 (Laterani,
1602 5852 1667 5909 lun.
1683 5854 1710 5909 9.
1728 5853 1738 5921 )

1228 5946 1271 6021 [t.
1284 5946 1447 6013 Cannutius,
1470 5944 1573 6002 Eccles.
1592 5944 1697 6013 Venae,
1710 5954 1730 6001 ι.
1744 5941 1778 6011 ll,
1797 5960 1827 6017 p.
1839 5944 1925 6021 3054

1209 6036 1335 6094 &rusus
1347 6035 1504 6113 episcopus,
1517 6050 1615 6094 sersus
1625 6049 1769 6093 murorum
1783 6033 1847 6107 liei,
1863 6035 1979 6098 diloet'u
