4584 6767
356 610 407 668 179

866 600 1003 672 amnem
1025 616 1053 673 s.
1076 614 1261 676 munerun
1279 617 1378 678 troo.
1399 596 1568 678 nonacttt'

1925 617 1976 676 isa

353 733 472 791 cremate
492 724 553 797 quio
572 725 707 794 deficimus
722 728 749 782 itt
768 729 808 782 iro
829 737 885 798 tuo,
908 739 933 784 et
948 730 974 784 in
989 730 1079 799 [erote
1096 742 1141 786 tuo
1156 743 1179 801 Α
1195 736 1259 789 toris
1276 736 1302 791 in
1317 747 1425 803 terrum,
1439 737 1472 790 de
1490 752 1544 804 quo
1564 745 1681 802 snntptua
1700 752 1745 800 es,·
1757 731 1821 804 qttie
1842 728 1928 803 puluis
1950 752 1977 790 et

354 818 451 872 turbati
464 833 555 871 tumus
575 816 661 887 (Ptol.
674 820 797 887 tttttt).

389 909 493 978 itaque,
507 916 578 964 totus
598 908 625 963 iu
645 910 736 964 talium
751 910 975 980 contemplatione
997 911 1139 968 laborabat

355 1003 382 1058 in
405 1004 508 1074 gemitu
532 1016 593 1067 suo,
607 1001 715 1057 lavabat
730 1016 778 1073 per
793 1003 913 1073 singulas
931 1011 1025 1059 noctes
1039 1002 1137 1058 lectum

354 1108 445 1157 snum,
457 1091 586 1162 lacrymis
603 1091 660 1146 suis
672 1099 788 1146 stratum
802 1106 882 1149 suum
898 1092 1013 1163 rigabat.
1026 1091 1060 1162 Et
1070 1106 1139 1161 quo·

355 1181 427 1236 uiam
443 1195 503 1250 quar
516 1180 631 1250 uigilans
650 1181 711 1250 quis
726 1180 1042 1248 meditatur,'dorutieuti
1056 1181 1138 1237 etiarn

220 1295 226 1304 ·
300 1332 302 1338 ,
355 1274 491 1327 interdum
504 1272 700 1342 imaginantur,
712 1271 738 1327 in
754 1272 857 1327 visione
875 1281 1007 1328 nocturna
1022 1272 1139 1343 ipsnrua

353 1380 383 1419 se
406 1363 456 1419 iob
479 1375 654 1433 oonspectum
671 1363 817 1430 relerebat,
833 1365 920 1435 qualis
938 1376 966 1421 et
982 1366 1009 1419 in
1023 1363 1141 1434 sterqui-

356 1453 419 1507 liuio
434 1453 562 1517 lucrit‚et
577 1451 650 1521 quali
666 1462 759 1523 postea
773 1456 890 1511 sanitate
901 1444 1063 1520 refloruerit,
1076 1456 1139 1525 quin

356 1544 430 1612 regio
439 1545 512 1600 cultu
528 1559 560 1599 ac
571 1542 723 1599 diademate
735 1544 868 1616 gloriosus
881 1546 950 1602 inter
962 1547 1064 1602 auricus
1074 1562 1139 1603 con·

355 1634 476 1691 solantes
498 1644 579 1705 utque
601 1636 785 1715 continentes
805 1638 950 1703 residebat,
972 1639 1034 1692 dum
1054 1653 1140 1693 unus·

1191 836 1216 880 et
1239 827 1267 879 in
1293 826 1424 896 puluerem
1449 828 1582 881 reuerteris
1604 825 1681 893 (Gerr.
1694 826 1748 895 tn),
1762 839 1837 894 spem
1856 827 1981 882 excitare

1193 914 1282 970 solent
1298 918 1331 971 nd
1350 916 1469 972 salutare
1484 916 1654 972 botuiuicum
1669 915 1840 971 visitationes
1854 914 1980 971 Domini-

1191 1021 1230 1060 cae
1243 1016 1270 1061 et
1284 1007 1374 1062 levare
1386 1007 1516 1061 bannilem
1529 1023 1610 1076 super
1625 1021 1665 1062 se.

1227 1096 1342 1152 Eeontra
1362 1106 1494 1167 quantuni
1516 1106 1613 1153 noceat
1636 1097 1795 1168 plerumque
1820 1099 1978 1167 curiositas,

1191 1195 1322 1256 quantum
1336 1188 1472 1257 deprimat
1484 1188 1761 1257 saecularisnpperitio
1769 1189 1979 1259 familiaritatis,

1192 1279 1291 1334 indicio
1313 1287 1356 1333 est
1378 1280 1455 1342 bina,
1471 1294 1530 1350 quae
1554 1280 1645 1348 pudici
1669 1288 1783 1349 pertaesa
1805 1282 1980 1338 tabernaculi
2001 1352 2003 1356 .

1191 1377 1336 1432 secretunt,
1353 1367 1419 1423 exiit
1439 1369 1530 1423 videre
1553 1368 1679 1422 tnulieres
1695 1370 1824 1438 regionis,
1846 1372 1894 1425 scd
1909 1372 1981 1426 male

1192 1457 1366 1526 supplantata
1383 1458 1455 1526 patri
1468 1456 1563 1522 ittcub,
1581 1456 1706 1513 videlicet
1727 1457 1799 1512 botro
1818 1460 1981 1529 supplanta-

1194 1546 1244 1600 tori
1271 1561 1396 1616 inagnum
1421 1545 1540 1600 scandali
1566 1546 1666 1599 malurn
1690 1548 1806 1615 peperit.
1822 1547 1980 1602 Secttndutn

1193 1635 1293 1689 eteniru
1311 1651 1409 1690 nomen
1432 1636 1607 1705 suutu,quud
1632 1635 1826 1704 iuterpretatur
1843 1635 1982 1704 judiciuin

356 1725 470 1795 quisque
483 1740 561 1781 orem
581 1726 619 1780 ilii
642 1740 722 1780 unam
747 1733 775 1780 et
796 1726 918 1781 inaurem
936 1740 1047 1781 auream
1064 1728 1141 1782 daret
1192 1726 1275 1791 istud,
1287 1726 1471 1795 corruptionis
1486 1735 1513 1781 et
1529 1724 1752 1795 devirginationis
1771 1724 1904 1795 judicium
1919 1724 1981 1778 tulit

356 1830 449 1881 onam,
466 1816 627 1872 innocentior
642 1816 764 1884 protecto
783 1823 811 1871 et
832 1816 993 1872 obedieutiae
1015 1816 1086 1872 illius
1101 1817 1142 1872 sio
1193 1816 1329 1875 aSicbeut
1344 1808 1405 1873 'irtio
1421 1811 1531 1882 lietuor,
1548 1818 1594 1885 qui
1610 1815 1714 1871 scilicet
1730 1816 1787 1872 suis
1801 1831 1910 1886 quoque
1931 1831 1982 1870 tro·

357 1921 477 1975 congruo
492 1914 521 1961 ut
536 1906 654 1975 pretiosa
671 1908 751 1963 dona.
767 1904 958 1961 Verumtamen
979 1907 1030 1961 boe
1048 1913 1142 1976 protu-
1194 1910 1311 1965 minibus
1334 1910 1429 1965 brutos
1451 1908 1574 1964 itotnincs
1594 1915 1676 1975 atque
1689 1906 1817 1961 uitioruut
1838 1921 1923 1961 onere
1940 1908 1980 1960 ia·
1999 1977 2003 1983 ¹

358 1996 445 2062 ierim,
460 1997 532 2066 quod
552 1998 622 2052 sicut
646 1997 673 2051 iu
694 1995 841 2066 Evangelio
856 1994 981 2060 babetur,
995 1995 1142 2066 transliga-
1193 2000 1321 2055 borantes
1346 2000 1496 2075 insinuant,
1510 1995 1728 2066 quandoquidem
1752 1994 1852 2051 ileruor
1876 1997 1981 2063 onnes,

358 2096 447 2142 ratum
475 2087 587 2161 viderit,
606 2088 632 2142 iu
663 2098 757 2143 arunte
781 2086 925 2142 bominum
954 2088 1141 2156 preferentem
1157 2123 1179 2178 B
1195 2090 1303 2146 Sicbem
1319 2090 1392 2144 tobot
1409 2090 1615 2160 ittterpretatur.

358 2177 553 2247 quanta,qnoli
564 2176 738 2249 fulgebuntiu
748 2178 1039 2247 resurreetionessioria
1051 2179 1141 2248 eiecti,
1230 2179 1283 2236 Sed
1298 2180 1448 2249 Sapientia,
1464 2178 1566 2244 scilieet
1577 2178 1701 2232 Cirtistns
1716 2174 1783 2232 ioris
1797 2176 1939 2246 predicat,
1953 2176 1980 2232 ia

359 2266 465 2335 quaudo
479 2267 630 2336 reformabit
644 2268 901 2338 corpntbnutititotis
917 2277 1014 2323 nortroe
1027 2269 1144 2339 conpqn-
1194 2272 1292 2341 plateis
1306 2272 1353 2325 dat
1370 2285 1464 2327 vocem
1478 2284 1569 2335 suam,
1581 2270 1608 2323 in
1624 2268 1712 2338 capite
1729 2266 1870 2322 turbarum
1883 2266 1982 2322 clami·

359 2364 447 2411 rotatur
458 2359 561 2420 corpori
574 2358 704 2414 claritatis
717 2375 772 2415 tttoe
784 2355 972 2432 (Piiiipp.ttt);
983 2360 1144 2431 qttaudoen't
1196 2369 1245 2427 tat,
1260 2362 1285 2416 in
1302 2360 1406 2415 iuribus
1421 2359 1498 2414 urbis
1513 2357 1617 2428 profert
1638 2358 1718 2413 verba
1734 2372 1782 2412 sua
1795 2358 1889 2413 dicens
1903 2375 1910 2413 :
1926 2357 1982 2415 Ut·
1999 2428 2001 2436 y

360 2447 406 2502 lna
427 2448 497 2503 lnuoe
511 2451 580 2503 sicut
595 2449 642 2504 lna
658 2448 835 2515 sebastiae
852 2452 913 2507 soiir
932 2451 981 2506 erit
997 2449 1157 2525 septemplis
1195 2468 1294 2524 queque
1311 2451 1415 2521 paruuli
1435 2449 1548 2519 diliqitit
1569 2448 1722 2517 ininutienr,
1734 2458 1758 2502 et
1773 2448 1848 2501 stulti
1866 2463 1908 2512 ert,
1921 2465 1982 2517 ques

360 2540 505 2594 citersicut
524 2538 680 2610 turrepten
700 2541 975 2613 dieruntindio,qrto
994 2542 1143 2613 olliqnnerit
1194 2544 1244 2596 sibi
1267 2548 1328 2594 snut
1357 2540 1453 2605 nonio,
1475 2527 1593 2607 cupient,
1617 2548 1641 2593 et
1665 2537 1841 2606 imprudenter
1869 2538 1981 2593 odibunt

361 2629 488 2684 Pontinus
509 2631 603 2686 uulnus
625 2632 715 2702 populi
738 2631 789 2698 tui,
806 2642 830 2687 et
852 2647 1037 2702 percussurum
1060 2632 1146 2701 plnpoe
1195 2635 1332 2690 scientium
1355 2632 1369 2687 i
1396 2630 1583 2686 Conuertimiui
1615 2630 1650 2683 od
1679 2618 1867 2700 correptionem
1895 2643 1982 2681 ureont

360 2719 416 2789 ejus
434 2722 564 2774 tuuouerit
582 2720 651 2791 (ltu.
672 2721 750 2793 ττι),
764 2735 828 2776 τετε
849 2723 941 2778 outnia
966 2724 1068 2787 sciens,
1083 2735 1146 2779 tere
1196 2725 1285 2797 (Pron.
1297 2724 1338 2794 t);
1354 2731 1381 2777 ct
1401 2740 1409 2777 r
1427 2720 1519 2776 Venite
1532 2721 1567 2776 od
1581 2737 1621 2775 nte
1641 2735 1740 2783 omnes,
1754 2719 1800 2783 qui
1813 2719 1940 2780 laboratis
1957 2726 1983 2771 et

360 2810 452 2866 otuu'ta
469 2820 565 2880 potens
578 2812 709 2878 medicus,
720 2826 801 2880 quent
822 2813 848 2867 iu
865 2816 959 2871 eadem
979 2814 1090 2870 lutuinis
1106 2822 1146 2868 at·
1196 2816 1299 2869 orrrrutr‘
1312 2816 1416 2880 retinet
1430 2827 1476 2882 epo
1492 2807 1880 2879 reficiuntuot.Tol1'itejspttut
1895 2822 1982 2860 ntentrr

360 2915 415 2968 quo
429 2899 536 2957 decoris
547 2900 690 2977 majestate
704 2902 808 2958 videbit
820 2920 868 2975 per
880 2904 977 2959 sarcula
993 2903 1082 2959 omuis
1094 2904 1145 2957 Ec·
1196 2921 1275 2968 curret
1286 2921 1340 2970 uos,
1356 2913 1379 2959 et
1395 2903 1517 2957 dircitco
1530 2916 1581 2967 nte,
1593 2901 1657 2972 quio
1671 2899 1742 2953 uritis
1761 2914 1818 2951 snut
1832 2907 1855 2951 rt
1874 2895 1994 2949 tramitis

353 2988 443 3045 'clesia
465 2998 634 3057 sauctorum,
656 3005 738 3060 quam
758 2983 862 3062 babuit,
888 2994 1045 3063 priusquam
1075 3001 1149 3048 esset
1197 2995 1287 3059 corde,
1298 3006 1321 3050 et
1336 2996 1470 3051 inuenietis
1483 2993 1597 3063 reqnient
1613 2988 1752 3045 animabar
1765 2988 1858 3042 uestris
1869 3000 1878 3039 .·
1887 2986 1984 3057 jaqrntv
2001 2976 2003 2984 '

361 3079 477 3135 mundus
491 3079 560 3149 apud
573 3078 702 3147 Petrem;
717 3097 798 3153 quatu
814 3084 917 3151 babuit,
936 3084 1058 3152 inquam,
1071 3085 1147 3150 duro,
1197 3086 1266 3139 ruint
1285 3102 1370 3139 ntentu
1385 3101 1464 3141 snare
1483 3093 1520 3139 ert
1535 3092 1558 3137 et
1575 3097 1640 3135 otrus
1654 3094 1739 3134 meunt
1753 3076 1982 3148 trallionium).
1998 3088 2001 3093 ·

362 3168 468 3239 Spiritu
492 3178 586 3224 sattcto
609 3183 771 3242 cooperante
794 3188 842 3242 per
861 3174 986 3243 ipsomet
1000 3189 1061 3230 euru
1076 3176 1167 3243 ipso,
1234 3176 1267 3231 Et
1295 3175 1416 3245 quinem,
1433 3174 1541 3237 iratres,
1558 3187 1601 3227 me
1629 3170 1733 3225 aestitno
1753 3168 1904 3239 lacrymosa
1926 3168 1984 3237 jam

363 3260 446 3318 Pater
457 3272 617 3334 operaretur
631 3279 677 3319 set
690 3264 786 3320 diebus
799 3265 940 3333 tnuodutn,
950 3273 977 3321 ct
992 3265 1019 3320 itt
1032 3263 1149 3335 septimo
1199 3266 1276 3323 nobis
1291 3265 1496 3322 narratiuncula
1521 3262 1699 3327 satisfecisse,
1715 3274 1774 3329 quae
1789 3258 1923 3323 noverim,
1939 3271 1985 3311 re·

364 3354 564 3425 requiesceret.
1200 3358 1323 3424 iercndo,
1339 3360 1402 3413 etsi
1418 3356 1507 3426 aliqua
1521 3362 1635 3419 restent,
1648 3368 1708 3424 quo·
1722 3349 1851 3422 opusculo
1862 3351 1986 3405 inseren-

1163 3457 1245 3515 Ctnr
1260 3448 1395 3520 iiii,quod
1412 3457 1474 3504 aute
1497 3447 1606 3517 aliquod
1631 3454 1735 3513 ternpus
1761 3443 1896 3511 inceptum
1921 3455 1987 3508 per·

399 3530 597 3589 bleliorrevera
610 3542 658 3600 est,
671 3535 805 3604 odilectc,
818 3534 1149 3607 lructussapientiaeauro
1201 3543 1283 3598 [icere
1308 3549 1398 3597 vestra
1428 3553 1471 3595 nte
1494 3534 1601 3592 allectio
1624 3544 1652 3591 ct
1673 3534 1795 3591 hortatus
1818 3528 1941 3601 impellit,
1957 3522 2003 3585 et'

365 3631 393 3677 et
407 3621 497 3694 lapide
514 3624 645 3693 pretioso,
660 3634 687 3680 et
702 3626 838 3695 genimina
853 3627 912 3697 ejus
925 3635 1039 3699 argento
1050 3627 1149 3696 eleeto,
1201 3635 1265 3707 quta
1284 3635 1370 3705 ipsum
1387 3632 1439 3686 troo
1452 3629 1622 3700 opusculum,
1637 3641 1692 3696 quo
1705 3639 1777 3681 nune
1793 3622 1987 3692 colloquimur,

365 3728 450 3783 quarn
471 3715 563 3770 sobria
582 3717 747 3787 humilisque
765 3726 928 3773 consectans
948 3720 1050 3786 antima,
1067 3720 1149 3787 quid·
1201 3742 1235 3782 ex
1248 3693 1411 3781 Ecclesiaste
1423 3722 1585 3792 principium
1599 3718 1693 3783 babet,
1707 3730 1826 3787 congrue
1842 3727 1876 3769 er
1889 3713 1987 3768 eodem

366 3807 431 3875 quid
453 3806 596 3863 desursum
612 3808 707 3879 qratiae
725 3793 863 3878 acceperit
878 3823 894 3863 a
908 3807 989 3864 Patre
1004 3809 1151 3878 luminum,
1202 3818 1313 3875 babebit
1330 3824 1357 3870 et
1374 3815 1467 3896 ditem,
1483 3820 1615 3882 quatenus
1630 3823 1683 3863 nott
1708 3808 1767 3888 siue
1793 3805 1920 3877 lacrymis
1940 3818 1988 3857 au-

661 3442 774 3500 CdPUT
796 3442 850 3500 Vll.
907 3393 909 3399 ⁴

366 3912 491 3965 supernae
500 3889 624 3955 attribuit
634 3900 746 3955 omniuo
755 3899 939 3956 bettefieeuriae
951 3911 977 3956 et
990 3901 1149 3971 dignationi.

367 3990 503 4061 Scriptum
517 3992 633 4061 denique
649 4001 691 4048 est
716 3994 742 4047 in
765 3994 1004 4050 lamentationibus
1017 3994 1153 4062 ieremias,

367 4078 412 4133 eui
440 4078 604 4149 praeexcelsa
629 4081 815 4138 sanctimoniae
837 4096 870 4139 ae
893 4082 1040 4152 prophetiae
1064 4084 1152 4154 qratia

368 4184 446 4225 suum
472 4172 602 4241 competit
624 4174 735 4239 rtotuen,¹
752 4174 824 4242 quod
849 4172 967 4228 eeceirru
989 4172 1094 4228 bomini
1119 4187 1154 4228 es

368 4260 483 4317 llebrreo
504 4272 603 4318 sonat:
621 4262 724 4318 Bnrrnm
747 4274 785 4318 ert
803 4264 950 4330 prouotau·
973 4280 1032 4319 cunr
1049 4264 1154 4320 silentio

334 4423 337 4427 1
369 4352 487 4407 solutore
503 4352 618 4409 Domini.
635 4353 738 4408 Bonum
753 4366 790 4409 est
804 4356 871 4422 uiro,
884 4371 944 4408 curn
958 4356 1098 4426 portaverit
1107 4356 1156 4427 jn·

370 4460 431 4513 qum
446 4443 478 4498 nir
493 4444 669 4499 odolescentia
682 4462 742 4500 tuo.
752 4444 856 4499 Sedebit
870 4446 1005 4500 solitarius
1016 4456 1039 4501 et
1051 4447 1155 4513 tacebit,

371 4535 433 4602 quin
454 4533 547 4588 leoolit
566 4551 593 4587 se
612 4551 690 4603 super
705 4550 742 4589 re.
754 4532 838 4588 Portet
857 4536 884 4588 in
903 4536 1007 4604 puluere
1027 4554 1155 4604 orsnnnt,

357 4609 394 4677 'si
406 4627 476 4693 [orte
491 4625 525 4681 rit
538 4642 595 4693 spes
609 4623 717 4696 (Tinea.
729 4628 781 4696 nri.

407 4711 565 4781 Propterea,
579 4713 724 4767 noualtum
740 4710 869 4780 sapienti,
885 4713 931 4767 sed
947 4714 1052 4768 timenti
1068 4721 1095 4768 et
1113 4729 1157 4767 so-

1203 3909 1309 3965 diatuus
1324 3888 1459 3962 dicentem
1474 3922 1481 3959 ι
1498 3903 1581 3957 Denta
1604 3902 1666 3955 time
1681 3908 1705 3953 et
1730 3896 1857 3951 tuortdotrr
1871 3893 1926 3964 ejttt
1941 3892 1988 3946 ob·

1197 3984 1288 4065 'rernm
1304 3999 1353 4053 boc
1371 4008 1409 4051 est
1430 3995 1499 4049 eninr
1520 3992 1604 4047 orauit
1626 3990 1703 4042 bomo
1726 3984 1828 4058 (ecoe.
1842 3984 1902 4055 stt).
1914 3976 1989 4038 tus

1204 4091 1306 4147 eteuint
1321 4089 1353 4143 ud
1370 4088 1421 4142 boc
1435 4084 1623 4147 conditusest,
1636 4077 1838 4149 atqueperboc
1850 4074 1988 4129 adrerum

1204 4195 1266 4238 esse
1284 4178 1442 4251 perducitur
1467 4173 1556 4229 omnis
1582 4174 1675 4237 irottto,
1689 4170 1712 4224 si
1738 4167 1822 4221 ileum
1841 4167 1935 4249 timeat
1962 4171 1991 4219 et

1206 4272 1331 4327 utautlata
1356 4270 1415 4339 ejus
1437 4268 1572 4321 observet.
1588 4262 1657 4317 Nam
1673 4258 1701 4313 itt
1714 4253 1868 4312 Proverbiis
1883 4268 1991 4324 qunque

1207 4363 1246 4418 sic
1273 4362 1390 4418 babetur
1406 4377 1413 4413 ε
1430 4357 1538 4413 Custodi
1564 4355 1646 4423 leqeru
1670 4360 1749 4420 utque
1769 4348 1946 4409 mnttdotntrt,
1965 4356 1991 4400 et

1206 4454 1254 4507 erit
1273 4453 1325 4506 uiro
1346 4451 1443 4505 ouinne
1470 4458 1521 4500 tute
1541 4453 1566 4498 et
1589 4444 1677 4514 quatio
1700 4439 1819 4510 [uocibus
1841 4435 1913 4488 teir:
1928 4443 1993 4486 tuuc

1207 4539 1353 4595 outbulnbit
1368 4537 1529 4607 fiducialiter
1543 4534 1570 4587 in
1583 4533 1625 4587 uio
1640 4541 1698 4597 tnn,
1709 4540 1732 4583 et
1747 4544 1791 4598 pes
1802 4536 1862 4580 tunt
1876 4539 1928 4577 non
1943 4523 1994 4576 int·

1207 4632 1311 4700 pirrqet:
1329 4631 1351 4684 ti
1374 4626 1524 4692 dormieris,
1536 4640 1587 4678 non
1600 4621 1711 4686 tintebis,
1724 4618 1848 4690 quiesces,
1863 4623 1888 4669 et
1905 4614 1993 4667 suerit

1209 4720 1259 4773 erit
1271 4734 1377 4773 romnus
1398 4725 1459 4769 turn
1472 4714 1565 4784 (Pron.
1577 4712 1630 4781 nt).
1642 4707 1765 4765 AEteruis
1786 4704 1868 4776 igitur
1881 4702 1995 4757 redonat

372 4795 515 4858 titudinem
540 4811 641 4857 sauctae
661 4802 845 4858 meditationis
859 4812 941 4872 atque
959 4805 1095 4860 silentium
1111 4820 1145 4873 op
1174 4797 1196 4851 Ι)
1210 4825 1240 4865 se
1255 4810 1383 4864 trinepte,-
1394 4807 1451 4861 Noe
1466 4819 1545 4860 retus
1557 4804 1602 4858 itte
1614 4804 1645 4857 ne
1656 4797 1830 4871 sirvguluriter
1841 4793 1995 4866 justus,qui

373 4896 528 4971 petentiut
556 4903 647 4949 tacens
677 4893 787 4951 liberius
812 4894 936 4951 attendat
961 4908 1042 4965 prave
1066 4894 1158 4960 trinnis,

373 5001 520 5043 onerosum
539 4995 568 5042 et
585 4986 758 5042 latuentabiIe
779 4984 956 5057 superddam
970 4993 996 5041 et
1019 4984 1087 5040 lilios
1102 4982 1164 5055 ejus'

374 5081 466 5151 iugum
484 5080 548 5134 illud
564 5087 591 5134 et
603 5078 787 5134 setnoutiam‘:
803 5080 871 5144 Quia
882 5079 982 5132 otrdiati
994 5094 1081 5132 uorem
1095 5094 1162 5131 nao-

324 5167 326 5171 ”
374 5174 413 5225 rt'r
429 5183 481 5227 tue
495 5180 520 5227 et
533 5170 669 5226 conredirti
686 5173 717 5226 de
731 5171 910 5241 liquamenque
918 5185 1092 5240 preceperunt
1103 5168 1161 5233 tibi,

375 5280 407 5318 ne
419 5266 576 5332 comederes,
589 5265 729 5321 meledicto
751 5273 821 5318 terro
837 5264 865 5318 in
881 5278 956 5331 opere
974 5272 1033 5328 tno,
1046 5262 1072 5315 iu
1085 5260 1160 5314 lubo-

377 5356 449 5408 ribnt
462 5357 580 5411 comedes
595 5373 628 5411 ee
642 5374 672 5412 eo
688 5356 790 5411 cunctis
804 5355 894 5410 diebus
915 5354 974 5407 uite
993 5364 1056 5419 tnoe,
1071 5354 1160 5422 spinos

378 5452 402 5497 et
422 5444 532 5500 tribulor
546 5449 702 5516 qerntiuobit
716 5449 773 5512 tiit,
790 5457 813 5502 et
829 5446 946 5501 ronredca
962 5445 1056 5499 iterius
1071 5454 1160 5509 terreo,

379 5538 406 5590 in
424 5537 518 5593 sudore
532 5538 618 5595 ottlttts
631 5543 670 5595 tni
691 5541 798 5597 vesceris
811 5557 877 5610 poue
903 5549 959 5607 tno,
973 5540 1053 5594 donec
1078 5554 1164 5596 tener·x

1211 4898 1361 4955 fortissimo
1385 4896 1521 4967 passionis
1543 4894 1606 4949 v'iuo
1622 4890 1773 4946 inebriatus
1789 4885 1886 4941 tuortis
1899 4894 1996 4938 sotuuo

1212 4990 1238 5045 itt
1254 5005 1335 5045 cruce
1348 4989 1487 5056 dormivit,
1502 4996 1530 5043 et
1548 4985 1721 5054 requiescens
1736 4980 1762 5034 in
1774 4975 1901 5047 sepulcro
1914 4984 1942 5026 et
1952 4986 1997 5026 su·

1212 5088 1324 5149 potatus
1334 5080 1460 5134 accubuit
1473 5086 1502 5132 ut
1515 5077 1556 5132 leo
1566 5074 1681 5145 etquasi
1695 5071 1790 5135 ieeur,
1805 5066 1851 5136 qui
1872 5072 1999 5134 potenter

1213 5173 1304 5227 dicere
1324 5170 1399 5226 solus
1422 5169 1563 5241 potnerit:
1591 5164 1753 5219 Potettotent
1780 5158 1862 5212 buben
1884 5152 1999 5224 portendi

1215 5267 1330 5319 ortirrtnnt
1351 5278 1434 5317 meum
1455 5271 1480 5315 et
1506 5260 1601 5312 iterum
1624 5253 1745 5319 rnutendt'
1766 5265 1823 5305 eunt
1845 5245 1936 5318 (donn.
1959 5244 2000 5312 r),

1215 5353 1431 5423 quandoquidem
1462 5347 1597 5420 evigilarit
1621 5346 1702 5401 tertia
1732 5342 1776 5397 die
1805 5346 1900 5393 auctor
1924 5333 2000 5397 ritae,

1216 5446 1340 5514 princeps
1356 5442 1534 5508 tortitudinis,
1550 5438 1676 5495 Christos
1691 5434 1832 5496 Dominus,
1845 5423 2002 5499 principalis

1217 5536 1347 5603 suavitas,
1357 5533 1485 5606 perennis
1497 5541 1524 5588 ct
1536 5547 1598 5587 vera
1610 5537 1766 5586 sanctorum
1778 5522 1896 5595 requies.
1904 5518 2002 5572 Arnen.

1086 5806 1283 5821 *-
