4584 6767
273 651 331 712 ω
1017 652 1203 712 EllSTOLAE.
1865 660 1910 720 pp

275 769 420 844 perlluitas
436 768 582 825 crinvivnrm
607 774 757 833 resecatur,
775 768 810 823 ab
825 766 979 837 brvjrvsmodi
996 768 1073 821 vani·
1088 772 1109 824 Δ
1125 769 1203 824 nobis
1225 769 1261 823 sit
1283 769 1354 838 qrrod
1372 770 1430 840 quvi,
1446 771 1564 841 peccatis
1582 769 1766 842 exigentibus,
1788 771 1919 840 populun‘

276 860 381 916 tatibus
395 858 587 913 abstinendum
599 859 690 928 potius
701 866 877 913 mementote.
890 856 970 912 bleas
981 857 1073 926 brgcrc
1125 858 1329 928 Cbristiamnn,
1352 862 1397 932 qui
1421 862 1478 931 jam
1505 874 1565 933 post
1591 863 1826 931 concupiscentias
1852 878 1913 918 suas

276 952 345 1009 Cato
358 951 474 1010 rnorrnit,
485 960 512 1004 et
523 950 659 1042 gentibus,
672 950 706 1004 de
719 964 772 1019 quo
785 949 863 1004 vobis
875 949 907 1002 ad
919 948 1072 1016 exetnplnm
1124 953 1219 1009 octrlos
1232 968 1295 1009 suos
1307 963 1442 1009 statuerat
1462 955 1600 1010 declinare
1616 957 1642 1010 in
1656 965 1756 1010 terram
1771 954 1804 1009 de
1813 954 1916 1022 irrtiielc

274 1043 397 1100 stvdiciat
410 1042 506 1097 militia
523 1042 569 1095 lici
582 1041 763 1110 signatorum,
779 1055 848 1109 quvts
863 1040 1074 1108 lrolnsrnodi'lu-
1125 1044 1281 1114 llagcllavit,
1297 1046 1509 1114 redemptionem
1530 1047 1653 1102 nobisne
1670 1046 1856 1101 misericordia
1868 1061 1917 1101 sua

275 1142 325 1195 dos
338 1138 455 1193 cernitis
477 1135 630 1191 abdicasse.
653 1133 774 1206 §sufficiat
797 1134 879 1189 etiarn
900 1134 926 1189 in
951 1134 1075 1191 eeclesiis
1126 1139 1286 1214 reservavit.
1303 1140 1446 1208 Quomodo
1461 1157 1578 1213 namque
1593 1142 1726 1211 asportari
1743 1141 1915 1211 permitteret

276 1230 394 1298 sivn‘ples
407 1238 505 1283 catuus
523 1226 555 1279 ad
577 1239 698 1296 praescus
712 1235 741 1280 et
755 1241 815 1297 qrtae
842 1227 946 1280 minore
956 1263 1073 1284 .......
1082 1233 1085 1239 “
1126 1229 1227 1299 lignum
1246 1231 1344 1287 Crucis
1359 1232 1393 1287 ab
1410 1234 1539 1298 ethnicis,
1561 1235 1612 1288 nisi
1633 1234 1732 1290 iterum
1756 1232 1919 1305 cruciligen·

274 1321 441 1391 gvnvitatcm
457 1331 559 1388 organa
572 1315 776 1386 conquiescant.
791 1316 986 1372 Ettribeauvus·
1001 1318 1074 1388 quod
1126 1323 1176 1377 drus
1191 1324 1299 1379 abeis?

275 1414 403 1481 legimus,
420 1410 492 1481 utin
512 1407 744 1479 vocemllrutium
764 1424 865 1480 organa
884 1417 1075 1475 transeunter
1131 1446 1134 1452 -
1163 1415 1233 1470 Ecce
1249 1417 1372 1473 videmus
1387 1418 1515 1473 iteratum
1533 1419 1854 1490 Redemptiousnostrae
1866 1435 1921 1492 my·

275 1509 302 1560 in
333 1506 439 1559 luctum
464 1501 570 1556 citbara
597 1508 783 1555 covrvertatuv.
809 1500 946 1569 ignoscite
972 1502 1037 1557 mibi
1052 1503 1074 1557 si
1126 1508 1254 1573 sterium,
1269 1510 1332 1563 ‹lrrm
1348 1525 1397 1578 pvo
1422 1511 1499 1566 nobis
1516 1526 1654 1565 suenone
1674 1510 1776 1565 nonriui
1802 1525 1918 1580 nonpe-

274 1600 373 1653 dixero
389 1593 719 1665 ortodaalubriusdcbeat
734 1608 816 1664 quarn
831 1587 1075 1663 suaviusreputarl
1128 1598 1214 1669 percit
1239 1598 1281 1654 vel
1307 1601 1395 1665 cranei,
1420 1601 1466 1670 qui
1490 1603 1625 1671 quondant
1648 1601 1758 1672 proprio
1784 1601 1919 1656 lilio-non

274 1685 427 1756 bpopulis
440 1685 625 1739 exterminata
639 1685 665 1741 in
680 1684 806 1741 ecclesiis
820 1683 931 1741 licentia
945 1683 1076 1742 lenticulis
1129 1691 1262 1759 pepercit,
1280 1694 1325 1747 sed
1342 1708 1391 1761 pro
1406 1694 1484 1748 nobis
1497 1695 1624 1749 omnibns
1639 1692 1919 1748 tradiditillum.llon
1960 1719 1966 1726 ·

274 1777 390 1833 resedit.
416 1775 486 1844 Quid
507 1774 650 1831 festivitati
672 1785 699 1832 et
724 1775 854 1844 fatuitati,
871 1777 913 1832 vel
939 1779 1030 1848 potius
1047 1786 1077 1833 ut
1128 1782 1200 1836 euim
1216 1782 1373 1837 abbreviata
1388 1792 1430 1838 est
1445 1799 1542 1839 manus
1564 1784 1682 1848 Dovuirri,
1700 1796 1751 1838 nee
1774 1782 1920 1838 brachium

275 1869 432 1941 apostolico
458 1884 506 1925 vos
522 1881 651 1924 sermone
666 1863 837 1937 conveniam,
853 1884 914 1940 quae
930 1872 1076 1927 corruendo
1128 1871 1235 1927 Domini
1255 1872 1420 1929 infirmatum
1439 1883 1491 1942 est,
1509 1886 1539 1931 ut
1555 1874 1664 1931 salvare
1676 1889 1729 1929 raon
1753 1874 1849 1943 possit,
1873 1873 1922 1929 sed

274 1965 379 2018 (1lnisti
396 1962 430 2017 aul
444 1961 543 2030 Belial?
557 1975 607 2016 nee
621 1961 746 2015 testarer
759 1961 785 2016 in
801 1962 939 2017 nonnullis
954 1963 1077 2019 ecclesiis
1128 1972 1259 2032 operatur
1278 1964 1492 2021 miscricordiam
1508 1982 1584 2021 stram
1604 1965 1794 2021 inscrutabilis
1809 1962 1923 2023 altitudo

274 2054 459 2110 ervunnitates
481 2051 626 2121 aliquando
649 2061 796 2107 consuetas
820 2051 1077 2121 aliqnatcnnsresc·
1131 2052 1177 2107 liei
1199 2062 1229 2108 ot
1251 2063 1404 2123 torpentem
1432 2054 1524 2109 vunndi
1547 2054 1719 2110 devotionem
1744 2053 1784 2110 sic
1808 2051 1923 2125 excitet,
1995 2031 2002 2045 “

276 2150 350 2211 rari,
367 2158 396 2203 et
409 2149 437 2200 ln
452 2145 593 2201 olosericis
613 2145 708 2215 cappis
719 2160 787 2215 quas
802 2144 919 2213 pllcvvrnt
933 2145 979 2215 oui
995 2145 1077 2200 bacu-
1128 2152 1210 2211 aterve
1230 2156 1279 2214 per
1293 2144 1453 2214 obsequium
1468 2154 1589 2199 vestrum
1613 2154 1640 2200 et
1665 2145 1778 2201 allorum
1795 2158 1866 2215 quos
1882 2145 1918 2201 atl

275 2244 318 2297 los
335 2242 428 2296 icrunt
445 2239 626 2307 complacere.
644 2238 729 2305 Quasi
749 2252 886 2293 veronen
904 2238 938 2292 de
954 2237 1076 2295 moribus
1129 2234 1181 2289 boe
1192 2233 1293 2305 eligere
1308 2235 1436 2304 dignatos
1455 2234 1549 2300 laverit,
1564 2236 1643 2291 nobis
1664 2236 1812 2293 salubriter
1826 2246 1854 2292 et
1868 2235 1921 2293 sibi

274 2349 359 2404 qivana
377 2334 411 2387 de
424 2331 545 2386 restibus
558 2331 675 2401 amplior
687 2331 722 2385 sit
735 2343 819 2385 causa
834 2330 900 2394 lieo,
919 2328 997 2397 quasi
1022 2345 1076 2387 non
1128 2326 1247 2397 gloriose
1260 2326 1294 2380 de
1315 2325 1439 2381 barbarae
1452 2327 1572 2382 nationis
1589 2328 1738 2383 hostilitate
1760 2327 1920 2399 triumpbst.

275 2427 359 2484 scriis
382 2425 444 2495 plns
460 2438 542 2493 quam
570 2425 666 2479 sericis
691 2424 853 2482 delectetur.
880 2421 1076 2480 Verumtamen
1127 2418 1197 2474 Ecce
1210 2432 1282 2475 nunc
1294 2427 1401 2488 tempus
1420 2417 1674 2486 acceptabile-ecco
1686 2433 1758 2474 nrvne
1777 2419 1836 2475 dies
1850 2418 1923 2474 saln-

275 2516 462 2573 neeedictnm
473 2530 555 2585 snper
571 2514 614 2569 bis
627 2523 654 2569 et
669 2514 822 2587 lrvrjnsmodi
844 2505 971 2584 generale
984 2528 1078 2585 proce-
1129 2509 1175 2574 tis,
1189 2509 1216 2564 in
1227 2508 1327 2579 quibus
1340 2508 1445 2562 utlrram
1461 2508 1563 2564 milites
1578 2507 1677 2564 (ibristi
1694 2508 1825 2577 abjiciant
1838 2522 1924 2579 opera
1993 2501 1998 2505 ’

275 2612 329 2678 dit,
345 2623 399 2665 nec
409 2623 529 2679 perenne
544 2608 706 2677 proponitur
719 2607 849 2673 edietum,
863 2605 910 2662 sed
924 2608 996 2676 quod
1010 2607 1076 2664 nulli
1122 2602 1302 2682 tenebrarum
1314 2600 1336 2665 ,²
1349 2608 1377 2654 et
1405 2598 1439 2654 ad
1468 2600 1658 2656 vindicandam
1682 2600 1811 2669 injuriam
1833 2599 1925 2656 crucis

274 2705 359 2763 delet
378 2717 441 2759 ως
454 2702 606 2758 propesitum,
1127 2693 1202 2748 indui
1218 2706 1271 2749 non
1297 2690 1423 2747 differant
1440 2706 1516 2746 arma
1532 2689 1610 2758 lucis,
1629 2690 1744 2747 loricam
1758 2690 1820 2745 bdei
1837 2699 1865 2745 et
1877 2703 1923 2745 sa·

626 2790 733 2848 xxxtt.

275 2873 391 2945 ilenrici
411 2883 654 2958 Adouiepiseopi,
683 2882 765 2953 legati
794 2880 953 2951 apostolici.
981 2881 1078 2938 litterar
1127 2872 1200 2944 qvvod
1221 2873 1356 2928 bactenns
1381 2870 1601 2928 Christianorum
1626 2871 1748 2927 caedibus
1771 2878 1800 2925 et
1818 2869 1923 2941 rapinis

311 2959 411 3040 ‘illibi‘
425 2965 548 3010 ‘mm‘
564 2955 598 3008 Μ
613 2955 718 3007 “imm‘'
733 2952 859 3032 dmm!
872 2949 1021 3032 Germanice
1030 2969 1078 3022 lm
1127 2972 1155 3019 ct
1171 2961 1372 3020 execrabilibus
1388 2962 1485 3019 irrteuti
1505 2960 1596 3033 ignem
1620 2960 1869 3029 tnessrtnguibitem
1894 2970 1923 3016 et

311 3039 469 3097 ”mmm
488 3023 734 3078 “mmmmm
750 3022 783 3077 α’
800 3019 1078 3075 b‘uwwdm'
1128 3054 1323 3111 immortalium
1347 3054 1490 3111 cruciatus
1513 3052 1645 3109 verensium
1660 3061 1829 3107 mernerunt.
1844 3050 1923 3108 Felix
1953 3027 1959 3037 ⁸

311 3114 359 3152 aas
388 3093 547 3160 Sorocerma,
578 3095 613 3147 nd
640 3093 827 3159 strrdtcnnmm
852 3106 955 3146 erucem
975 3100 1000 3144 et
1019 3090 1078 3146 locs

310 3166 418 3221 curisti
432 3164 539 3233 pediam
552 3174 720 3218 consecratu,
1127 3148 1169 3203 eis
1178 3146 1256 3203 abest
1269 3145 1376 3211 militia,
1391 3146 1419 3202 in
1434 3160 1488 3216 epm
1505 3153 1534 3202 et
1549 3145 1662 3202 vincere
1676 3144 1776 3216 gloria,
1796 3144 1844 3200 aed
1866 3158 1924 3198 ma·

277 3258 442 3331 (tonsure,
471 3254 602 3325 neronum
626 3270 700 3317 nnn,
732 3251 949 3308 cernennentes
977 3250 1078 3322 uvosto
1126 3236 1386 3308 pennatorum.
1407 3236 1448 3291 Ad
1474 3236 1546 3313 trane
1567 3234 1738 3289 trituratus
1760 3233 1852 3300 ludis,
1876 3232 1923 3303 qur
1969 3221 1973 3234 '
2003 3290 2009 3301 .

1127 2783 1192 2865 lutis
1207 2783 1313 2854 galeam
1336 2790 1517 2837 assvunentes.
1540 2780 1643 2836 llalitia
1666 2781 1795 2846 luit,uon
1812 2779 1923 2846 militia,
2020 2776 2029 2787 '

472 3324 551 3390 arao,
568 3323 654 3388 tue,
672 3333 692 3378 t.
712 3323 750 3388 u,
765 3338 794 3393 ρ.
808 3323 885 3392 aaa.)
977 3364 983 3374 .

276 3513 413 3572 rabilibus
432 3510 478 3566 lici
501 3509 586 3581 gratia
608 3508 838 3577 archiepiscopis,
861 3505 1008 3576 episcopis,
1025 3506 1076 3561 alr·

276 3606 401 3668 batibus,
412 3600 566 3672 praepositis
580 3607 609 3655 et
629 3599 691 3653 aliis
707 3598 890 3654 Ecclesiarum
905 3597 1035 3668 praelatis,
1048 3605 1076 3652 et

275 3698 389 3756 dilectis
402 3696 429 3749 in
444 3693 560 3748 Domino
578 3691 714 3746 nobilibus
729 3689 804 3755 vivis,
829 3689 955 3754 ducibus,
969 3688 1075 3758 contiti-

275 3791 341 3855 bus,
355 3782 563 3842 marebionibus
582 3790 610 3836 ct
625 3781 686 3835 aliis
695 3779 863 3850 principibus
879 3780 1015 3834 universis
1028 3794 1076 3849 per

276 3894 392 3953 rsgnvuu
406 3876 584 3932 Teutonicum
598 3863 812 3935 consonuisset
827 3886 895 3939 ortos
906 3871 1003 3925 littorae
1018 3870 1075 3924 istm

276 3969 467 4045 pervenerint,
488 3965 623 4021 llasntcos
637 3955 736 4019 'eadem
759 3964 846 4033 gratia
872 3963 994 4019 Albanus
1017 3962 1073 4033 epi·

276 4077 400 4136 scopus,
425 4056 672 4129 apostolicaesedis
694 4057 813 4126 legatus,
835 4058 949 4110 salutem
969 4054 997 4109 iu
1021 4054 1075 4110 llo·

276 4158 363 4211 mino.
1029 4133 1032 4139 ’
1085 4129 1090 4136 “

309 4248 351 4302 Ex
365 4227 422 4316 quo
433 4257 485 4298 rex
499 4239 544 4296 illa
561 4240 687 4304 turturis,
699 4253 753 4296 vox
769 4237 898 4310 gemitus,
909 4252 960 4293 vox
975 4238 1077 4295 doloris

278 4341 347 4397 fines
370 4345 479 4391 tntvstros
500 4331 682 4388 lamentabilis
698 4346 785 4401 nuper
806 4330 930 4385 novitate
948 4331 1076 4388 'rumoris

278 4430 408 4502 aspersit,
423 4427 483 4497 quvis
496 4426 530 4479 ad
543 4433 646 4478 tautam
656 4431 776 4491 stragem
788 4436 841 4477 non
856 4419 1015 4492 ingemiscat
1029 4436 1077 4491 po·

277 4523 332 4593 poli
347 4517 518 4576 cirristianil
533 4515 600 4584 Quis
624 4523 725 4570 terram
752 4513 825 4569 illam
846 4527 971 4569 sanctam
993 4529 1076 4584 quam

278 4612 479 4680 rerlenvptionis
507 4605 676 4675 nostre-ipsi
699 4604 892 4659 dedicaverunt
917 4605 1000 4673 pedm
1025 4605 1077 4662 oo-

278 4704 358 4767 mini,
376 4698 516 4772 spurcitiis
534 4710 698 4768 paganorum
710 4696 808 4765 enproni
824 4711 876 4749 non
892 4696 998 4752 doleatl-
1010 4696 1078 4765 Quis

1127 3340 1199 3384 amat
1208 3328 1313 3384 animas
1327 3342 1377 3384 nee
1392 3326 1508 3399 propria
1521 3327 1644 3398 pepercit
1653 3324 1769 3395 injuriae,
1782 3333 1812 3379 ut
1827 3339 1923 3380 neccs-
1938 3345 1941 3349 ·

1129 3512 1350 3584 centipellerrtem.
1363 3510 1448 3565 Adest
1465 3508 1511 3576 oui
1528 3497 1699 3577 signaculum
1712 3506 1776 3563 vitae
1791 3504 1931 3576 gementi·¹

1127 3605 1178 3660 bus
1196 3617 1277 3671 super
1300 3600 1382 3655 tatutis
1405 3596 1484 3654 vvraiis
1506 3596 1539 3651 ad
1564 3597 1723 3653 evasionem
1745 3594 1925 3651 intolerablis

1126 3694 1310 3765 percussionis
1331 3691 1462 3759 imponat.
1478 3697 1506 3743 ct
1526 3688 1651 3757 quamvis
1666 3686 1833 3755 multiplicia
1856 3699 1923 3740 vasa

1127 3786 1243 3856 interius
1258 3780 1434 3853 exigentibus
1455 3778 1577 3850 pcccatis
1589 3778 1644 3845 iarn
1662 3779 1764 3846 egressi
1781 3786 1925 3831 tencantur

1127 3872 1329 3945 percussiones,
1343 3871 1383 3942 (5,
1402 3870 1475 3927 solos
1494 3869 1633 3925 nocebunt
1654 3882 1714 3932 eos,
1732 3867 1778 3937 quvi
1793 3866 1925 3923 divinitus

1126 3968 1248 4024 oblatum
1268 3965 1320 4021 sibi
1334 3964 1398 4020 vitae
1421 3961 1592 4037 signaculum
1612 3950 1787 4016 recusabunt.
1804 3957 1868 4013 ludo
1882 3968 1925 4014 cst

1126 4056 1399 4131 tgvrodaserenissimo
1407 4056 1517 4110 donnino
1527 4052 1558 4108 F.
1571 4051 1925 4121 llonvanornmimperatsre

1126 4160 1155 4208 ct
1165 4165 1273 4220 semper
1284 4154 1417 4217 Avrgusto,
1429 4156 1456 4205 et
1469 4146 1547 4203 nobis
1560 4146 1676 4216 pariter,
1691 4144 1736 4213 qui
1750 4143 1783 4198 de
1797 4140 1925 4195 arvandato

1130 4246 1204 4304 sedis
1231 4242 1407 4313 apostolica,
1436 4255 1485 4311 pro
1506 4239 1603 4295 eodem
1633 4235 1752 4307 negotio,
1775 4241 1925 4304 nutantum,

1130 4335 1247 4393 Dovrrino
1273 4340 1440 4401 cooperante
1464 4328 1581 4385 lacvrltas
1609 4324 1739 4396 suppetit,
1754 4322 1924 4387 laboramus,

1128 4426 1259 4485 solemnis
1274 4433 1317 4480 est
1338 4422 1416 4480 curia
1430 4417 1577 4477 eonstitnt'a
1599 4420 1671 4488 apud
1696 4413 1875 4487 lloguatiam,
1890 4410 1926 4467 atl

1127 4536 1209 4592 quarn
1235 4515 1390 4580 nuntiatae,
1406 4526 1459 4583 qua
1476 4518 1603 4567 cantator
1617 4507 1739 4574 Luctare,
1762 4504 1926 4569 Jerusalem,
1964 4561 1969 4571 ⁸

1128 4613 1202 4667 diem
1215 4608 1313 4663 testum
1328 4613 1412 4677 agant
1427 4612 1455 4659 et
1468 4610 1631 4658 conventum
1653 4598 1754 4653 iaciant
1770 4594 1926 4666 omnesqui

1129 4701 1246 4770 diligunt
1264 4712 1337 4753 eam.

277 4798 397 4855 Cntcevn
418 4793 567 4850 salvitlcarn
584 4801 691 4860 captam
706 4805 759 4845 non
773 4790 907 4858 deploret,
924 4798 953 4846 ct
965 4783 1116 4847 conoul-D
1167 4790 1301 4858 Quovviam
1318 4785 1505 4859 igituveavlem
1522 4785 1600 4841 curia
1620 4781 1796 4852 singulariter
1807 4788 1851 4835 cst
1867 4775 1927 4831 Sal-

278 4902 370 4945 catarn
387 4887 421 4942 ab
437 4883 554 4940 etbnicls
567 4892 595 4938 et
610 4882 798 4939 sanctuarinm
823 4880 929 4937 llonvini
945 4882 1077 4954 prolana.

278 4983 357 5038 torn?
382 4980 452 5043 llcu,
468 4982 537 5039 lacu!
564 4985 597 5038 ad
624 4984 745 5038 anditum
772 4983 917 5052 rptcrvularn
946 4984 1077 5051 sivuilem,

279 5091 342 5130 curn
351 5074 601 5131 lisurasolavornm
613 5090 679 5130 cun
691 5076 747 5145 ipsa
761 5076 923 5145 stvsciperet,
936 5085 1008 5131 terra
1020 5087 1076 5133 tre-

279 5168 359 5231 muit,
378 5165 417 5220 sol
430 5167 550 5236 expavit,
564 5175 646 5236 petrae
658 5167 749 5221 scisso
763 5176 836 5230 snut,
848 5175 875 5221 et
886 5178 980 5238 aperta
989 5169 1079 5224 eredi-

279 5274 343 5313 mus
355 5255 865 5330 monumenta.ijuscrgovelsnxenro
873 5258 1081 5325 pectusauditus

279 5352 333 5407 iste
345 5364 401 5405 non
413 5350 542 5414 emolliat,
554 5365 615 5406 cour
629 5349 716 5419 sputis
728 5349 844 5403 abicitur
858 5350 1014 5420 conligitor,
1029 5351 1077 5404 ba·

279 5442 366 5498 betur
381 5443 555 5499 covvtomcliis
574 5457 641 5506 crux
663 5440 843 5508 advarivabilis,
860 5452 1014 5495 ntrstrorvun
1031 5457 1079 5497 cu-

279 5537 354 5593 ratio
369 5535 525 5599 vulnerum,
543 5535 679 5611 restitutio
694 5534 852 5600 sarvitatuvu,
870 5534 971 5605 lignum
987 5532 1077 5598 dulce,

280 5628 391 5699 signnm
401 5627 474 5691 rita,
484 5626 611 5681 vexillum
623 5626 1076 5689 militiaeClaristianac?Faventiam,

282 5718 462 5785 necesse'est,
485 5718 611 5789 quamvis
630 5718 739 5788 quidem
757 5720 863 5775 minora
881 5720 1014 5788 patinuvr,
1031 5718 1078 5775 scd

280 5799 388 5885 majora
405 5826 486 5881 quarn
503 5813 672 5881 potuerimus
687 5813 729 5870 vel
752 5814 857 5869 timore.
874 5813 1078 5877 Verumtamen,

282 5908 345 5979 qvia
362 5905 500 5961 universa
511 5905 560 5961 vim
575 5905 620 5962 [lei
635 5906 820 5963 misericordia
835 5906 986 5971 mneritas,
1000 5916 1079 5963 cate·

281 6011 336 6052 um
360 6009 414 6052 nos
435 5993 555 6066 deiicere
576 6012 638 6053 non
656 5998 797 6066 debemus,
824 5998 889 6067 qrrin
914 5998 1078 6067 sperandum

281 6156 287 6162 .
321 6108 362 6182 (5)
379 6108 657 6181 bocuscorroptus.·

1132 4884 1221 4940 vatori
1244 4882 1359 4937 Domino
1373 4879 1513 4947 deputata,
1538 4876 1610 4932 sicut
1628 4873 1778 4946 imperialis
1797 4869 1927 4939 rnajcstas
2026 4895 2031 4904 ·

1131 4994 1180 5035 sua
1192 4985 1326 5048 potestate
1340 4988 1389 5028 nos
1403 4978 1548 5035 eovrvocat,
1568 4982 1674 5039 uosque
1690 4982 1723 5021 ex
1746 4973 1822 5034 parte
1837 4962 1885 5016 lici
1898 4968 1929 5016 et

1130 5088 1162 5128 ea
1177 5087 1238 5144 quae
1260 5071 1397 5141 luvrgimps
1414 5066 1559 5139 legationis
1584 5063 1746 5118 auctoritate
1761 5056 1927 5113 univcrsita-

1134 5173 1188 5219 tcur
1213 5171 1331 5217 vestram
1355 5159 1389 5214 ad
1414 5156 1537 5213 eamdem
1560 5153 1663 5207 curiana
1685 5161 1876 5203 convocamus.
1893 5144 1927 5198 Et

1134 5271 1168 5312 ne
1194 5255 1256 5324 quis
1271 5260 1393 5307 vestrum
1409 5249 1528 5319 legitima
1542 5253 1570 5299 ct
1582 5253 1657 5297 certa
1676 5238 1837 5292 necessitate
1856 5249 1926 5305 prae·

1132 5351 1247 5405 sennam
1274 5359 1350 5401 suant
1359 5339 1490 5413 prodictu
1518 5335 1633 5391 coneilio
1648 5327 1863 5387 Claristianitatis
1875 5340 1925 5379 ox-

1130 5445 1223 5497 luberc
1252 5436 1414 5501 elissirnolet,
1433 5431 1612 5502 irrjnugimus.
1627 5426 1744 5482 firtniter
1763 5430 1791 5477 et
1810 5420 1923 5490 manda·

1132 5550 1202 5589 tuus.
1221 5529 1274 5585 lios
1287 5537 1376 5583 orntum
1391 5520 1565 5579 venerabiles
1578 5520 1724 5591 episcopos
1736 5516 1763 5571 in
1772 5526 1925 5580 convocan-

1132 5627 1175 5681 dis
1192 5621 1335 5678 abbatibus
1350 5631 1374 5673 ιι
1391 5617 1453 5671 aliis
1479 5613 1599 5686 praelatis
1615 5612 1660 5683 qui
1680 5608 1731 5665 sub
1752 5609 1829 5663 vobis
1853 5611 1927 5671 sunt,

1133 5734 1186 5773 urm
1214 5730 1277 5771 cum
1305 5710 1482 5782 piaesentium
1507 5708 1650 5780 portitore,
1679 5704 1726 5775 qrrl
1750 5701 1928 5757 lorteomnes

1132 5810 1209 5865 adire
1225 5824 1278 5864 non
1295 5806 1405 5876 poterit,
1428 5803 1486 5859 iorc
1510 5801 1684 5873 praecipimus
1700 5793 1845 5849 studiosos.
1862 5788 1928 5844 lllud

1132 5904 1213 5958 etiarn
1228 5897 1398 5955 unilersitati
1414 5905 1511 5951 vestrae
1526 5892 1654 5949 donimus
1670 5884 1876 5946 nonvlnandum,
1897 5889 1929 5936 ut

1133 5996 1168 6051 ad
1188 5996 1293 6051 curiam
1316 5993 1378 6049 iesu
1399 5989 1499 6054 Cirristi
1519 5989 1546 6053 io
1558 6000 1590 6043 ea
1606 5981 1741 6056 praeunte
1755 5986 1781 6033 ct
1796 5974 1929 6047 modestia
