4584 6767
278 566 334 624 331
621 562 748 627 tutet.
770 566 813 624 DE
829 538 1097 628 runncntrttnte
1117 568 1280 628 ctvtttru
1301 568 1402 627 DEL-
1422 573 1547 631 tutet.
1560 571 1607 632 xt.
1871 573 1924 633 338

279 682 494 755 praesentaliter
503 684 669 746 contuendo,
681 686 826 754 quamdam
842 688 1004 744 aternitatis
1017 704 1077 759 spe·
1092 695 1116 754 A
1131 689 1261 761 sedqrrod
1274 689 1397 747 etiamen
1415 692 1551 748 mediante
1565 691 1746 764 spiritualium
1766 710 1780 749 a
1808 695 1862 753 lieo
1877 714 1924 755 ac-

229 831 231 836 ,
279 775 353 829 rien
371 781 437 828 sunt
458 772 564 844 adepti,
582 774 730 830 secundum
755 772 820 829 illud
844 773 940 832 isaim:
959 774 1075 835 Ventura
1128 783 1219 853 cipere
1233 784 1381 839 meruimus
1393 783 1620 848 benedictionem.
1643 793 1670 840 et
1684 784 1864 842 benedicendi
1872 788 1923 844 mi·

279 864 799 940 ementiaretroiimrtdicernueqeia
814 867 852 922 dii
867 867 930 923 ertit
947 884 990 922 roa
1006 869 1074 942 (ier.
1128 871 1250 936 moribus,
1275 887 1323 944 per
1341 872 1431 929 lesum
1458 873 1611 943 accepimus
1640 881 1814 944 potestatem.
1839 876 1925 935 tlcnce
1949 921 1955 938 .,
1993 927 1999 940 .

278 954 351 1028 xer).
364 952 397 1010 lli
410 954 578 1026 ltiturmttot
589 956 668 1012 nobis
679 956 705 1011 in
716 956 865 1029 Scripturis
879 957 936 1015 ruis
951 960 983 1014 ric
996 958 1075 1016 Chri·
1129 964 1238 1019 tnndem
1250 963 1276 1018 in
1292 962 1345 1020 boe
1358 965 1432 1020 muni
1444 964 1549 1020 scelesti
1566 963 1759 1021 berredietiosc
1786 975 1814 1022 et
1836 969 1923 1038 guttis
2004 1001 2007 1005 -

276 1047 313 1101 rti
327 1046 449 1102 adventu
462 1051 639 1122 mouumepta
654 1043 833 1116 reliquerunt,
849 1048 978 1118 totouasi
993 1064 1074 1121 poma
1129 1054 1236 1126 repleti,
1250 1054 1337 1111 satum
1351 1055 1407 1127 jam
1424 1050 1694 1111 bominum-laudare
1710 1065 1737 1113 et
1758 1056 1924 1117 benedicere

277 1134 513 1208 fragrantissima,
529 1135 608 1206 quasi
625 1136 710 1194 eolles
730 1138 825 1193 :eterni
841 1139 1076 1208 protulerun13ct
1129 1145 1291 1217 babeamus,
1307 1148 1427 1205 dicentes
1444 1166 1451 1203 :
1467 1146 1624 1202 Benedictus
1638 1150 1683 1216 otti
1693 1151 1763 1204 uertit
1776 1151 1804 1205 in
1819 1153 1924 1210 rumim

275 1227 389 1283 cbristo
415 1226 598 1310 reservanda,
613 1241 646 1282 ac
668 1227 692 1284 si
717 1242 796 1297 poma
818 1228 845 1284 ln
872 1228 1019 1299 liguramm
1045 1239 1074 1287 et
1127 1235 1236 1291 bomini
1248 1234 1334 1307 (Peri.
1345 1236 1447 1309 crrtt>;
1462 1245 1488 1294 et
1502 1252 1564 1293 eum
1581 1237 1723 1295 Elisabeth
1734 1240 1767 1295 ad
1782 1239 1922 1298 llarlam:

275 1320 456 1391 enigmate·
477 1317 593 1375 calathis
608 1320 751 1376 recondita
775 1319 976 1377 concluserunt.
994 1320 1095 1378 Seie'-'
1127 1324 1403 1398 Benedictrtrimetur
1427 1328 1576 1383 rentmrtui
1601 1326 1678 1399 ttae.
1694 1331 1724 1402 r).
1752 1330 1924 1388 Esaltaltitnr
2040 1357 2051 1366 r

276 1410 345 1465 baut
358 1408 432 1464 enim
444 1408 592 1464 recentium
604 1406 790 1477 Salomonem,
801 1401 893 1467 onmia
910 1427 987 1483 pnum
1003 1427 1072 1467 nota
1128 1416 1262 1485 siquidem
1274 1416 1406 1474 Dominus
1420 1418 1534 1474 solnsin
1550 1419 1595 1474 die
1608 1420 1667 1488 illn;
1697 1421 1811 1478 etrelut
1831 1423 1857 1478 in
1871 1424 1923 1482 lle·

274 1510 303 1556 et
328 1509 424 1556 retem
441 1499 552 1556 Christo
570 1514 632 1557 esse
653 1502 799 1557 servanda.
823 1501 920 1558 lietera
942 1510 970 1557 ut
991 1502 1018 1557 in
1039 1516 1075 1558 co
1124 1508 1302 1566 surrectionis
1314 1511 1924 1583 actamconrpterammmntnrcumctstmr.

271 1592 473 1664 implerentur,
487 1605 538 1663 per
553 1605 615 1648 eum
630 1592 814 1664 aperirentur,
830 1593 865 1648 ab
880 1606 913 1648 eo
928 1591 1076 1648 distrilme'·
1126 1595 1221 1667 utiam
1237 1613 1325 1669 aeque
1340 1600 1456 1666 nubant,
1472 1614 1560 1671 neque
1581 1601 1730 1671 nubantur,
1747 1605 1794 1661 sed
1809 1606 1928 1678 pertitus

275 1692 385 1746 rentur,
398 1683 548 1752 monadem
558 1681 644 1737 illud:
657 1680 733 1737 bertr
746 1683 816 1738 dona
827 1682 974 1738 bominibus
984 1681 1073 1755 (rsit.
1129 1687 1241 1743 tollatur
1252 1688 1286 1744 de
1308 1690 1399 1746 medio
1422 1674 1538 1747 metrtbri
1552 1693 1685 1763 'perticalis
1700 1692 1831 1762 oilleium,
1848 1696 1924 1765 quod

274 1777 382 1847 esrum
399 1789 469 1832 nera
484 1789 559 1840 tero,
575 1783 605 1831 ut
618 1789 650 1831 ea
665 1789 776 1847 semper
791 1776 861 1833 bone
874 1786 993 1841 crearet,
1009 1789 1074 1830 san·
1124 1777 1503 1851 prrabreirsionempraeputii
1518 1780 1777 1839 Abrebeostensum
1789 1795 1842 1850 cst,
1852 1786 1922 1842 inte-

274 1868 424 1933 ettoraret,
434 1863 775 1932 virilicaret,bcnediceret
785 1882 818 1923 ac
828 1876 983 1937 praestaret.
997 1866 1072 1921 Nora
1124 1866 1176 1921 rim
1188 1868 1388 1938 castigandum,
1399 1882 1432 1926 ex
1449 1880 1514 1926 tnnc
1526 1886 1627 1927 nomen
1639 1861 1704 1930 lesu
1720 1888 1804 1946 quam
1815 1869 1918 1932 slt‘ru·

275 1968 357 2023 suut,
370 1958 406 2014 de
419 1957 519 2029 quibus
532 1958 570 2013 ait
584 1956 731 2029 Apostolus
746 1956 889 2014 liomimtm
907 1958 1012 2012 dixisse
1025 1971 1074 2026 pet·
1124 1971 1173 2028 per
1200 1973 1281 2015 omtte
1305 1974 1403 2017 ttonreu
1435 1962 1626 2032 benedictum,
1648 1965 1815 2023 adorandum
1835 1975 1917 2037 etqttc

275 2047 463 2119 Propbetam:
479 2044 546 2103 Erec
566 2041 753 2101 mrrrmmuio
767 2060 848 2116 seper
863 2046 972 2101 rinmunt
989 2042 1076 2100 lsrael
1091 2036 1113 2096 tt
1127 2049 1304 2118 tentandum,
1317 2050 1378 2109 tm
1398 2052 1640 2112 cinamomum,
1663 2058 1805 2126 ,ppmffip
1826 2076 1834 2113 :
1858 2068 1922 2117 mne

274 2146 464 2195 maerentem
489 2154 594 2203 aorem,
618 2137 709 2192 dende
731 2136 814 2208 tepent
834 2151 919 2192 meunt
944 2138 973 2191 irr
1001 2152 1074 2191 metr·
1124 2155 1190 2195 vere
1207 2141 1258 2196 boc
1276 2157 1373 2198 rrornen
1388 2144 1477 2200 oleum
1491 2144 1680 2215 cdrtsnmerit,
1696 2164 1750 2219 quo
1765 2150 1854 2222 primo
1873 2166 1923 2221 per

275 2234 348 2289 tibus
371 2247 474 2299 rorant,
487 2240 511 2287 rt
532 2247 584 2286 rtorr
600 2229 702 2286 docebit
723 2229 901 2303 numerisque
922 2229 1074 2301 pretiorum
1125 2232 1286 2292 Gabrielem,
1311 2236 1506 2309 „plurumum
1532 2237 1625 2295 1125ae
1642 2238 1771 2308 mensum,
1799 2241 1920 2301 clausum

275 2340 356 2381 marre
391 2323 481 2379 dicens
500 2321 658 2393 :deprome
680 2310 839 2378 Dominum.
873 2320 973 2377 Omnes
1000 2317 1074 2378 euim
1124 2328 1197 2399 apud
1211 2342 1274 2383 cum
1288 2335 1393 2398 septem
1408 2329 1505 2385 diebus
1517 2330 1678 2401 permansit.
1708 2339 1735 2386 et
1754 2332 1798 2387 dle
1823 2341 1920 2389 octaua

275 2417 361 2470 αἰτεῖ
379 2429 431 2479 m·
451 2429 468 2468 ⁶
484 2412 586 2482 mim
599 2406 682 2483 'titt‘
696 2413 732 2466 Μ
748 2413 874 2467 mirorem
888 2411 986 2485 (fleit-
1000 2410 1073 2482 tmi-
1125 2433 1174 2489 per
1183 2433 1243 2475 eam
1260 2434 1312 2475 non
1324 2427 1379 2474 tam
1390 2419 1505 2476 eilusum
1528 2436 1609 2491 quam
1622 2421 1769 2478 revelatum
1779 2423 1924 2503 ieiunans.

276 2503 411 2565 nicaeno,
436 2501 476 2558 ²5¹
499 2501 644 2573 ΔΙιθῦῑθΙιΙῦ
666 2519 673 2555 ²
697 2501 817 2566 Nmm·
843 2501 966 2557 inmiti
987 2502 1073 2571 prius.
1125 2526 1211 2582 pauca
1224 2512 1402 2568 adltucerant
1419 2527 1498 2579 uasa,
1514 2527 1576 2583 qne
1592 2523 1696 2569 tantam
1711 2516 1763 2571 olei
1776 2514 1922 2585 pleniturii·
2030 2509 2038 2517 ’

277 2587 359 2662 Quod
374 2603 464 2650 estete
485 2595 640 2666 antiquatur
659 2604 683 2650 et
702 2596 824 2660 senescit,
842 2610 923 2666 prope
942 2594 1075 2648 interitum
1126 2601 1217 2656 stlitem
1230 2601 1506 2673 eaperesulilcerem,
1525 2612 1553 2661 et
1581 2605 1701 2662 nnttdum
1725 2616 1836 2664 rencrnt
1854 2609 1921 2664 bora

275 2695 316 2742 ert
332 2684 430 2758 (idcir.
444 2686 516 2756 rut).
540 2684 682 2740 Transimo
699 2686 827 2758 siquidem
847 2686 1004 2753 recordatio,
1029 2702 1075 2741 tte·
1127 2692 1184 2757 illa,
1199 2708 1252 2762 qna
1269 2702 1378 2749 mortuo
1393 2694 1452 2749 viro
1465 2709 1530 2749 rasa
1545 2710 1631 2751 rocoa
1650 2686 1803 2767 non'pauca
1827 2706 1921 2753 nunno

276 2794 350 2833 rerer
366 2788 438 2846 eret,
454 2787 483 2833 st
498 2787 522 2834 et
541 2777 607 2849 leoit'
620 2777 759 2833 translacio
779 2779 853 2849 tieret
868 2794 879 2832 .·
894 2787 917 2834 et
939 2778 1075 2848 reprobato
1126 2777 1486 2852 inrerriret,r1uibusoleum
1501 2782 1632 2849 inlusum,
1661 2797 1746 2854 usqrte
1759 2786 1793 2840 ad
1808 2778 1922 2841 edesio-¹

275 2867 438 2936 rimedii
468 2863 594 2923 &studim
618 2876 724 2937 imitus
753 2867 933 2937 infirmitatem
955 2867 1024 2937 titt.
1051 2876 1076 2922 et
1126 2886 1188 2928 nem
1204 2882 1384 2931 excresceret
1400 2874 1489 2947 Usque
1503 2876 1585 2931 bodie
1599 2877 1651 2932 boc
1664 2875 1754 2931 oleum
1777 2878 1850 2934 rasis
1874 2894 1922 2935 ra·

275 2958 465 3027 immitunt·
485 2957 640 3031 twim'iffl
668 2960 703 3014 Μ
727 2960 872 3036 perfectum
895 2959 1017 3026 “illeiis
1035 2961 1077 3014 ¹⁴⁸¹·
1126 2965 1186 3022 cuis
1201 2964 1345 3021 infundere
1357 2964 1440 3021 liaris
1455 2980 1510 3021 non
1525 2975 1625 3032 cesset,
1648 2976 1676 3021 ct
1698 2967 1818 3024 nominis
1840 2967 1921 3038 buius

276 3050 415 3106 “titium
429 3050 503 3121 fimi
515 3050 642 3117 nuttam,
656 3051 727 3123 ttwd
735 3050 915 3123 jurejurando
927 3061 997 3105 sture
1015 3067 1078 3122 pre·
1126 3058 1290 3113 suavitatem
1304 3056 1453 3126 inexpertis
1467 3054 1597 3113 divinitus
1614 3055 1768 3112 rerclatam
1794 3056 1867 3113 reiut
1880 3057 1920 3113 la·

276 3145 431 3197 mitteretur
443 3143 471 3197 ite
486 3151 610 3198 eternum
621 3141 716 3214 (ileos.
727 3149 787 3208 etti,
800 3142 1052 3212 dicentel’mpbeta
1066 3160 1074 3200 t
1127 3149 1180 3205 ctis
1193 3147 1364 3204 dulcedinem
1381 3162 1414 3203 es
1428 3147 1559 3204 uberibus
1581 3148 1713 3204 maternis
1727 3148 1859 3206 instillat.
1888 3150 1922 3206 Ει

275 3234 387 3307 iurarit
398 3233 543 3304 -liomr'turr,
556 3244 580 3291 et
599 3252 651 3291 nott
667 3235 800 3307 pertritaiit
818 3253 888 3302 eum.
905 3245 933 3290 tu
948 3252 975 3290 er
988 3251 1095 3298 sacer-t
1126 3238 1252 3295 licrtboc
1263 3238 1323 3297 oleo
1337 3237 1453 3309 periure
1474 3239 1681 3296 auotescemutae
1699 3240 1780 3298 nimis
1799 3257 1862 3298 eum
1880 3244 1921 3298 ‹tt-

277 3326 328 3381 dra
358 3325 387 3380 itt
419 3336 546 3382 eremum
572 3327 714 3381 menradum
739 3328 856 3382 ordinem
886 3326 1076 3383 rtetctnurect
1127 3319 1211 3403 ligere
1226 3329 1397 3386 dieanturet
1409 3343 1507 3385 nomen
1521 3328 1580 3399 ejus
1592 3327 1681 3385 olennr
1695 3328 1836 3385 lateantur
1853 3330 1922 3387 elbr-

277 3419 371 3489 (l'ml.
384 3418 455 3492 ιιι).
475 3419 513 3475 lla
535 3411 698 3491 igitur'qnce
717 3420 750 3474 ad
774 3420 957 3476 sacerdotium
976 3411 1086 3475 norum
1126 3417 1441 3487 sum‚interimtamen,
1466 3419 1777 3491 dumperegrinamura
1795 3420 1919 3487 boutino.
1951 3439 1954 3444 ’

277 3522 307 3571 et
329 3521 526 3570 resumentem
543 3519 678 3582 apertam,
696 3512 845 3570 secundum
863 3512 987 3568 ordinem
1011 3512 1076 3569 liel-
1126 3508 1245 3567 luiusnm
1260 3511 1350 3581 potius
1374 3507 1514 3563 latendum
1541 3516 1595 3576 est,
1619 3524 1701 3580 quam
1729 3511 1864 3579 ellusnmt
1892 3520 1921 3568 rt

277 3593 730 3678 clris'btlaelneemperbonasunu
749 3604 873 3691 ιιιίιιιι
889 3605 1074 3660 sacerdotium
1126 3617 1237 3659 currere
1250 3602 1372 3658 dicende
1384 3612 1450 3659 sunt
1460 3601 1670 3657 adolescentule
1684 3603 1773 3673 potius
1787 3603 1815 3660 ln
1825 3604 1919 3672 odore,
2005 3676 2008 3682 ,

277 3703 425 3761 eternum,
449 3692 487 3747 ita
508 3702 537 3748 ct
565 3694 622 3763 ipsa
649 3694 854 3750 immutabiliter
880 3694 950 3752 bona
980 3710 996 3750 a
1021 3696 1076 3752 lieo
1126 3708 1208 3764 ortam
1223 3692 1394 3765 inunguenti
1410 3692 1543 3752 exinaniti
1558 3694 1941 3769 etconsummataclraritag

279 3793 387 3850 errata,
400 3784 512 3854 quando
525 3785 672 3840 secuudum
694 3785 823 3840 virtutem
843 3786 906 3841 vitm
926 3786 1077 3843 insolubilis
1127 3785 1267 3839 tisardorc
1290 3782 1381 3854 (Ceut.
1398 3784 1438 3853 tl;
1461 3798 1512 3838 nec
1533 3782 1617 3838 stabit
1638 3782 1690 3837 hoc
1706 3781 1808 3849 oleum,
1834 3784 1921 3841 nonae

279 3876 316 3932 ab
326 3891 365 3932 eo
377 3884 444 3931 runt
456 3873 596 3941 institutam
611 3876 795 3943 sanctificata,
810 3879 921 3947 ottando
934 3892 982 3948 per
998 3878 1077 3934 cbrt·
1126 3890 1190 3931 vasa
1204 3874 1343 3941 deliciant,
1355 3882 1383 3930 et
1400 3873 1628 3929 conscientiarum
1643 3874 1722 3929 ostiis
1734 3875 1837 3944 apertis
1846 3888 1921 3945 qum·

280 3967 316 4023 sti
337 3974 455 4023 monem
477 3964 550 4043 iacta
572 3973 638 4023 runt
660 3967 692 4021 al
713 3967 913 4038 propitiandum
937 3969 1075 4039 efficaci„
1127 3979 1179 4035 mm
1191 3967 1267 4035 uirgo
1285 3966 1394 4035 sapiens
1407 3964 1441 4020 de
1454 3966 1506 4020 boc
1518 3966 1619 4022 scoieo
1632 3978 1706 4020 estro
1722 3965 1839 4020 redimat
1857 3981 1921 4020 erce

280 4059 432 4124 noenta,
447 4058 511 4129 quta
526 4056 627 4114 curisti
643 4059 844 4115 resurreetione
866 4075 919 4116 non
940 4062 1027 4116 sutum
1042 4063 1076 4118 ιι
1127 4057 1229 4123 ‹titorrt
1242 4056 1423 4120 etoeeaetem
1438 4055 1472 4110 ao
1487 4056 1588 4111 erctum
1613 4064 1641 4112 at
1663 4057 1747 4111 risam
1765 4065 1839 4112 tanta
1867 4055 1920 4113 atet

280 4148 472 4222 recipiendam
485 4150 549 4206 rita
568 4150 761 4210 tndtssatmntts
776 4152 915 4220 uirtutem,
930 4155 979 4211 set
995 4156 1076 4213 etiam
1119 4148 1245 4228 ,sufficiat
1259 4147 1409 4220 plurimos.
1421 4145 1579 4211 trecassis,
1594 4160 1611 4202 ο
1626 4147 1707 4201 onata
1722 4145 1807 4201 staria
1832 4147 1923 4217 pente

280 4241 492 4310 arearum·
513 4242 569 4300 neo
585 4253 648 4299 sant
663 4242 817 4301 merrtem.
842 4246 920 4303 onte
936 4246 1037 4302 arctum
1050 4248 1077 4304 rr
1128 4242 1315 4304 deuterorum
1337 4248 1430 4309 postea
1443 4238 1477 4293 ds
1491 4252 1540 4293 ors
1557 4236 1694 4306 proruere,
1713 4248 1741 4293 u
1764 4252 1846 4309 suem
1871 4250 1920 4306 na-

280 4334 398 4392 Canuttc
413 4352 422 4389 ι
440 4332 589 4401 benedicit,
607 4341 633 4390 et
652 4342 763 4405 prester
780 4336 863 4399 notit,
880 4335 961 4391 idest
975 4350 1036 4407 ottae
1050 4336 1077 4393 ta
1129 4331 1223 4386 ricndo
1234 4330 1321 4400 prima
1339 4327 1439 4383 mundo
1455 4328 1560 4397 perdito
1571 4327 1686 4383 salutem
1701 4327 1920 4399 edidisti,prime

282 4433 395 4483 serum
410 4423 563 4491 benedicta,
579 4433 607 4479 ut
623 4425 758 4491 bubernet
773 4425 923 4495 benedicis,
938 4435 967 4482 ot
984 4426 1078 4483 conie-
1128 4421 1388 4476 etiamnominamlo
1403 4418 1526 4489 ejrrsdem
1550 4418 1646 4476 salutis
1661 4421 1779 4493 gratiam
1800 4421 1921 4491 prodidi·

235 4545 238 4556 ·
282 4529 348 4575 rant
370 4518 450 4575 uobis
462 4517 557 4574 ritem.
581 4517 620 4574 lle
634 4528 724 4574 autem
743 4527 881 4590 unguento
905 4520 1003 4590 captus
1020 4519 1077 4576 sola
1129 4514 1175 4569 sti.
1190 4511 1230 4567 Tu
1242 4512 1376 4568 saltatori
1387 4513 1479 4567 mundi
1494 4511 1608 4567 intranti
1627 4512 1757 4567 mnndum
1773 4522 1851 4583 porta
1876 4528 1924 4569 es·

282 4609 455 4684 proximiora
472 4610 592 4665 membra
607 4608 716 4680 perlusa
731 4609 898 4676 riderentur,
914 4609 995 4665 etiam
1010 4610 1079 4667 sim·
1129 4604 1241 4670 stitisti3
1256 4612 1284 4658 tu
1297 4604 1488 4659 accedentibus
1501 4602 1657 4673 pastoribus
1670 4604 1704 4659 etl
1714 4618 1776 4659 eum
1785 4613 1861 4673 perta
1874 4618 1922 4684 pr·

282 4703 400 4775 plicittm
415 4710 445 4757 et
465 4701 632 4774 plebeiorum
646 4701 788 4757 bominum
802 4700 837 4773 pii
852 4712 929 4758 actus
944 4718 976 4757 ac
989 4700 1080 4758 devoti
1096 4727 1117 4783 ὓ
1132 4693 1284 4752 tristiter
1299 4703 1325 4751 ιθ
1340 4695 1411 4765 uragi
1433 4708 1495 4750 enm
1510 4695 1672 4766 muneribus
1691 4696 1775 4752 stelle
1797 4697 1923 4768 prrcdooe

283 4792 403 4851 allectos
413 4791 449 4848 ad
471 4792 556 4847 nostri
570 4789 670 4863 loseplt
685 4791 913 4858 benedictionem,
927 4792 1000 4849 reiut
1022 4792 1080 4849 tru-
1131 4796 1160 4841 ct
1172 4794 1277 4857 portem
1288 4786 1446 4841 ostendente
1456 4785 1491 4839 ad
1501 4798 1563 4839 eum
1579 4784 1759 4842 intrauerunt.
1774 4787 1861 4841 Pcrte
1875 4799 1922 4839 ns-

283 4894 347 4944 ettrr
363 4881 483 4940 humiles
497 4891 525 4939 et
539 4883 572 4939 de
595 4878 662 4940 locis
677 4884 845 4955 planioribus
862 4894 889 4941 et
905 4883 1084 4943 interioribus
1130 4894 1184 4949 que
1197 4870 1276 4935 bodie
1295 4878 1388 4935 tideles
1400 4894 1496 4937 omnes
1513 4883 1547 4938 ιι]
1561 4882 1810 4946 commentantes,
1823 4888 1923 4948 tepor-

285 4972 468 5045 proeedenter
479 4973 617 5039 perstruere
632 4972 767 5029 dicuntur.
790 4974 843 5030 Sed
857 4975 920 5045 quia
936 4975 963 5031 bi
976 4974 1081 5031 tructus
1131 4977 1200 5034 tam.
1216 4978 1243 5025 tc
1253 4969 1453 5036 mediatricem,
1472 4981 1499 5025 tc
1511 4972 1671 5042 magistram
1688 4971 1792 5026 babere
1802 4969 1922 5040 gloriae·

285 5073 350 5124 aete
366 5063 514 5121 adrentum
526 5063 629 5132 Christi
644 5064 671 5119 itt
695 5064 794 5135 eisqui
808 5081 869 5122 eum
893 5067 1014 5122 luterum
1031 5081 1082 5123 er·
1131 5074 1186 5121 tur.
1201 5064 1242 5120 Tu
1260 5064 1394 5134 siquidem
1406 5064 1558 5121 introducis
1569 5065 1602 5119 ad
1619 5064 1711 5129 sideru.
1739 5062 1922 5119 testimonium

284 5156 448 5229 meabant
461 5155 602 5226 semipleni
619 5156 844 5225 inucttiebantur;
859 5158 886 5214 in
901 5165 980 5215 terrm
995 5160 1082 5231 pleni·
1132 5158 1193 5214 iudei
1201 5157 1383 5228 perhibendum
1399 5165 1426 5211 tu
1437 5156 1582 5210 mediatrix
1592 5169 1622 5209 cs
1635 5154 1788 5211 adveniam
1801 5168 1851 5225 pro
1858 5167 1924 5227 peo-

286 5249 394 5314 utdiue,
406 5246 446 5303 illl
460 5248 507 5317 uui
521 5255 582 5318 post
602 5246 747 5302 adrentum
761 5247 820 5316 eius
832 5265 848 5305 a
866 5251 1039 5309 erodentibus
1053 5251 1081 5308 in
1131 5251 1201 5307 catis
1213 5250 1380 5305 credentium
1397 5247 1481 5303 bitum
1493 5247 1706 5317 interpellandot
1734 5254 1761 5300 tu
1792 5245 1923 5315 magistre

285 5354 350 5395 mm
367 5337 477 5409 populis
489 5337 596 5409 plenius
608 5348 671 5394 sunt
684 5338 808 5408 exhibiti,
821 5342 992 5399 denotantur.
1132 5339 1167 5394 ad
1183 5338 1373 5394 inveniendam
1388 5336 1517 5406 gratiam,
1533 5334 1656 5407 exempla
1672 5334 1923 5405 ritaeetdiscipdime

319 5428 420 5487 Totins
432 5429 694 5501 tritormultilormis
707 5432 1083 5504 httjrtsbencdictionis,reltrt
1132 5430 1258 5487 ontttibtts
1269 5430 1446 5486 ostendendo.
1463 5427 1503 5482 'l'u
1523 5436 1597 5481 tuum
1610 5436 1689 5498 porta
1713 5426 1779 5483 mibi
1803 5428 1925 5500 digneris
1944 5468 1962 5478 -

286 5521 409 5580 eoelertir
423 5518 563 5592 cuiusdam
587 5524 716 5595 unguenti
739 5539 773 5581 ex
795 5524 879 5581 trariis
905 5528 1048 5597 speciebus
1066 5542 1087 5583 ι
1131 5536 1195 5579 esso
1210 5523 1244 5579 ari
1258 5522 1369 5589 Filium,
1385 5521 1494 5578 interim
1517 5517 1720 5579 incantationis
1742 5519 1843 5589 ejurent
1858 5518 1925 5574 clvi-

288 5612 587 5686 coelestipirmentario
609 5614 736 5684 coniecti,
758 5604 897 5686 plenitudo
923 5618 958 5674 arl
978 5634 1027 5674 nos
1042 5627 1085 5675 ert
1133 5614 1198 5685 tatis
1211 5627 1268 5669 suto
1278 5611 1478 5683 peregrineris
1491 5608 1619 5683 Μβῑθῐῑθ
1634 5607 1794 5674 ῑθῐθῑθῐῑᾶθι
1812 5605 1923 5662 tandem

233 5689 238 5696 ’
288 5705 457 5777 perbeetam
470 5704 619 5777 Virginem,
635 5707 711 5777 qtrasi
737 5721 785 5776 per
805 5706 950 5777 qrtatndam
976 5716 1083 5778 portam
1134 5704 1321 5761 adeleitatcm
1335 5711 1495 5775 regnantem
1513 5710 1542 5759 et
1563 5699 1775 5770 triumphantem
1800 5698 1828 5752 iu
1846 5697 1925 5753 omits

288 5794 350 5855 letae
361 5795 508 5855 clariorem
530 5798 685 5854 transfusa:
700 5797 770 5853 unde
785 5806 813 5854 et
834 5798 869 5853 ab
891 5798 988 5871 angelo
1010 5799 1082 5857 ‹licm
1134 5806 1195 5865 port
1207 5796 1263 5852 biae
1274 5795 1464 5867 lippitudinem
1477 5790 1631 5860 accedenti,
1647 5806 1700 5848 non
1712 5788 1849 5855 lleelrelis,
1876 5788 1926 5844 sed

291 5889 380 5956 esti!
396 5889 558 5950 mulieribus
571 5892 729 5958 benedicta;
743 5905 797 5948 non
822 5890 910 5947 solum
937 5892 1000 5965 quie
1022 5892 1084 5950 Era
1135 5897 1209 5943 tuam
1220 5888 1308 5944 etlilil
1320 5886 1358 5944 tui
1373 5886 1605 5960 pulchritudinem
1618 5883 1677 5939 sine
1688 5878 1801 5952 ‘speculo
1814 5888 1842 5937 et
1858 5878 1927 5934 cenis

224 5965 227 6020 l
291 5977 635 6057 denempereamest
650 5984 682 6041 in
703 5984 919 6052 benedictionem
934 5998 1087 6054 conversae
1134 5980 1353 6054 rmatcrerelnta
1370 5980 1440 6040 tacta
1460 5979 1627 6040 ostendendo
1648 5974 1766 6050 (llCer
1790 5972 1846 6046 tn).
1871 5968 1931 6029 sm
