4584 6767
698 622 952 702 bencortrelcru
972 625 1122 684 obolttlll
1145 626 1268 685 secuit
1283 625 1327 684 ΕΤ
1343 627 1441 683 sllllt.
1462 657 1495 669 -
1510 627 1575 688 Lib.
1588 627 1611 685 l.

897 782 1078 846 Elbslrsssl
1100 781 1404 845 Plioolllltolllst.

323 1044 454 1090 suenrus
464 1023 586 1103 ‘majora
599 1030 675 1104 prius
687 1041 812 1105 pertento
823 1038 948 1097 manera·
1138 1037 1244 1097 ntum
1258 1048 1370 1090 russeus
1383 1030 1482 1101 emptis
1496 1030 1572 1101 prius
1589 1037 1677 1086 artem
1692 1038 1832 1099 comparat
1847 1041 1909 1093 uss.

325 1121 526 1191 ingeniumque
540 1122 615 1177 brevi
632 1124 698 1178 rude
710 1138 782 1179 nnnc
794 1123 917 1180 insuesco
931 1124 1029 1192 relatu,
1176 1124 1263 1190 eram
1279 1123 1342 1178 rellt
1355 1123 1459 1178 undoso
1473 1122 1645 1177 committere
1659 1118 1719 1176 vela
1736 1119 1882 1191 protunda.

325 1207 367 1263 Ne
379 1209 448 1264 mibi
468 1213 581 1267 materia
595 1212 733 1279 altissim,
752 1217 813 1270 inde
825 1216 952 1271 verenda.
1177 1216 1232 1271 llee
1244 1231 1308 1272 vero
1322 1215 1441 1285 phaleris
1456 1216 1547 1283 modo,
1561 1215 1620 1272 sits
1635 1213 1772 1284 leporibus
1785 1223 1847 1267 utar
1857 1221 1876 1268 :¹

323 1297 451 1392 ¹AEquors
464 1298 676 1364 mula‘mannm
692 1305 733 1363 sb
747 1305 869 1379 explorat
880 1306 1016 1374 breviore,
1177 1309 1226 1365 list
1241 1309 1330 1379 potius
1341 1310 1430 1366 studio
1445 1308 1557 1379 simplex
1573 1321 1606 1388 ae
1624 1304 1732 1362 lucidus
1742 1304 1820 1364 ordo.

1127 1508 1166 1530 q-

946 1656 1138 1721 llsllmbs
1149 1649 1310 1719 PRIMUS.

591 1864 639 1925 Do
650 1861 801 1927 conflictu
815 1862 955 1927 duorum
971 1864 1090 1944 dueum
1106 1870 1137 1926 et
1154 1865 1340 1928 animarum
1353 1864 1496 1927 mirabili
1514 1862 1723 1930 revelatione.

326 2148 400 2220 Ergo
410 2145 495 2203 duces
506 2142 574 2202 olim
587 2144 704 2216 riguisse
715 2142 769 2200 deo
782 2150 978 2206 memorantur,
1137 2158 1160 2213 B
1174 2147 1391 2216 bispositamque
1407 2148 1472 2214 beo,
1488 2147 1531 2203 rel
1543 2149 1673 2206 subsidiis
1690 2147 1842 2204 animarum

325 2240 402 2294 Alter
417 2236 546 2301 Sicaniis,
560 2234 673 2292 Sardois
685 2234 754 2290 alter
764 2236 791 2290 in
807 2235 875 2304 oris,
1173 2242 1308 2310 Aqqressn
1323 2239 1395 2311 cepit
1409 2240 1512 2307 subito,
1527 2255 1608 2310 quam
1621 2240 1750 2303 diximus.
1765 2240 1872 2304 urben.

326 2330 376 2387 ilie
391 2338 453 2386 erat
467 2328 612 2395 Eusebius,
627 2326 769 2399 ostorgius
783 2327 828 2383 ille
844 2333 965 2392 toestus,
1173 2331 1358 2399 infestamque
1370 2331 1499 2388 satellitio
1510 2332 1560 2387 snb
1575 2328 1636 2400 lura
1650 2331 1747 2401 eoepit.

326 2425 375 2480 Cui
391 2425 482 2478 sixtus
494 2423 579 2479 etiam
594 2423 691 2490 major,
707 2422 878 2477 numerosius
893 2436 1000 2492 agmen,
1172 2420 1244 2476 Proh
1257 2423 1404 2478 rebemcns
1416 2430 1444 2476 et
1457 2430 1550 2491 raptor
1563 2422 1672 2491 iniquus
1689 2420 1786 2476 laedere
1805 2419 1878 2476 iacto

327 2515 437 2570 lbxltiae
451 2513 555 2584 plnres,
569 2508 656 2585 magis
669 2511 830 2582 amplilleata
849 2522 978 2582 potestas.
1172 2514 1224 2581 Qui
1237 2514 1404 2580 seritussnon
1418 2513 1454 2569 sit
1469 2522 1524 2569 mm
1538 2513 1665 2585 degeneri
1679 2514 1824 2582 pietatem.

327 2604 381 2659 Sed
402 2618 511 2659 ntorum
524 2605 586 2660 dote
599 2602 701 2658 Sardus
713 2604 818 2675 potiore
833 2604 949 2675 rigebat,
1172 2606 1228 2662 Nec
1238 2621 1291 2661 noo
1302 2606 1439 2675 obsequiis
1454 2614 1588 2662 temerare
1602 2603 1691 2659 dicata
1704 2603 1846 2674 supernis!

327 2695 378 2752 iob
393 2695 494 2751 similis
506 2703 602 2750 sancto
616 2691 689 2748 nulla
702 2693 823 2749 bonitate
837 2696 968 2749 carebat:
1208 2698 1352 2753 Eusebium
1367 2712 1460 2752 ntnaor
1471 2698 1610 2752 alasenlem
1624 2696 1739 2764 perculit
1763 2696 1825 2758 iste,

328 2786 382 2841 Pro
398 2786 454 2839 rita
468 2783 570 2840 iunctis
585 2793 676 2839 tamen
689 2785 811 2855 adprime
824 2784 963 2841 studiosus
1174 2789 1268 2844 llobila
1285 2789 1411 2845 rnoeroris
1427 2788 1517 2842 animo
1527 2786 1667 2842 contraxit
1681 2794 1709 2855 qt
1722 2800 1780 2849 ore,

330 2874 444 2945 iugibus
463 2876 602 2947 obsequiis
616 2874 801 2946 complacebat
820 2874 952 2931 Deltatem
1173 2880 1274 2950 Utpnte
1287 2879 1334 2949 qui
1349 2889 1427 2949 parte
1438 2875 1530 2932 mallet
1547 2874 1624 2947 regni
1641 2874 1767 2930 caruisse

332 2966 462 3021 Ecclesiis
477 2967 554 3037 plura
569 2967 613 3021 rel
626 2967 719 3039 egenis
731 2966 925 3035 extribuendo,
1172 2970 1240 3024 Tam
1250 2971 1333 3026 clarc
1345 2968 1408 3029 sibi.
1421 2976 1475 3021 tam
1489 2966 1580 3022 ebone
1590 2980 1671 3037 quarn
1692 2964 1826 3047 moenibus
1839 2963 1925 3031 urbis.

332 3060 419 3127 itque
433 3055 598 3127 ireqnentari
613 3073 690 3114 saera
707 3059 849 3113 missarum
864 3058 1002 3123 iaciendo,
1173 3059 1316 3131 Appellare
1332 3060 1378 3115 bel
1401 3074 1482 3130 qnam
1498 3058 1622 3114 erebrius
1638 3058 1695 3127 ipse
1707 3056 1819 3113 soleret.

330 3148 390 3213 ono
402 3150 470 3214 rita,
486 3149 580 3218 requie
595 3148 751 3205 fruerentur
765 3148 924 3219 perpetuali.
1172 3155 1300 3208 Attamen
1318 3153 1345 3207 in
1360 3150 1503 3208 Dominum
1522 3164 1597 3220 spem
1610 3150 1753 3219 lactasset
1764 3150 1924 3207 meditatum

334 3239 400 3293 line
415 3255 448 3295 ex
465 3239 595 3308 subiectis
611 3240 732 3310 elegerat
747 3240 862 3296 urbibus
876 3256 968 3303 uuam,
1173 3242 1396 3311 Praesuuxensque
1412 3239 1463 3296 sibi
1475 3248 1623 3309 prouentus
1638 3238 1858 3303 autoretatem,
1949 3253 1951 3258 ’
1981 3251 1985 3261 ·

332 3331 398 3394 tius
412 3327 484 3393 cultu
498 3328 606 3395 melior,
623 3328 711 3383 reditu
727 3329 889 3399 locupletis?
897 3337 981 3395 esset,
1172 3334 1308 3389 smurocat
1321 3332 1348 3387 iu
1362 3341 1463 3388 coetum
1475 3333 1565 3388 socios
1578 3331 1699 3401 lidasqne
1715 3331 1855 3395 cobortes,

334 3424 422 3487 Atque
434 3420 538 3474 dicarat
551 3435 611 3475 eam
626 3418 746 3485 cbristo,
758 3420 888 3476 membris
901 3436 1009 3492 quoque
1020 3420 1121 3477 Clxrisli
1175 3425 1281 3479 Excitat
1292 3425 1412 3489 hortatu,
1428 3424 1520 3479 llrmat
1534 3423 1632 3479 dubios
1646 3423 1764 3479 ratione.

336 3511 473 3566 lleltilibns
491 3511 634 3579 duntaxat,
652 3512 745 3581 egenis
758 3526 790 3567 ac
803 3512 965 3584 peregrinis,
1136 3522 1158 3580 c
1175 3515 1288 3587 llequid,
1303 3516 1352 3580 ait,
1366 3514 1443 3580 socii,
1455 3516 1519 3583 quid
1543 3529 1589 3570 eos
1604 3514 1723 3568 censetis
1734 3513 1838 3567 amici?

335 3604 373 3656 id
387 3619 471 3674 qnam
487 3603 652 3659 eonlloerenl
666 3604 786 3660 velutad
801 3606 911 3675 pietatis
921 3605 1030 3674 asilum,
1173 3608 1317 3664 Ernovltne
1331 3606 1378 3662 Bel
1390 3615 1496 3662 vestras
1509 3603 1608 3673 irrinria
1618 3614 1723 3657 mentes
1737 3603 1749 3657 i

335 3693 382 3749 li‘e
394 3695 554 3765 requieturi,
567 3706 701 3767 sumptus,
716 3704 802 3753 restes
815 3697 946 3763 babituri,
1175 3699 1270 3754 Pranlo
1283 3698 1355 3769 quod
1373 3697 1487 3765 cupidus
1498 3696 1547 3761 llll,
1562 3710 1622 3765 quae
1634 3694 1836 3753 concuteremus

337 3784 435 3842 deintus
447 3785 512 3841 inde
525 3788 581 3843 suis
597 3788 634 3843 nil
648 3802 760 3858 prorsus
773 3803 806 3844 ee
823 3780 979 3856 retinente,¹
1175 3792 1298 3860 Abripuit
1313 3789 1424 3851 frande,
1437 3788 1462 3843 ri
1479 3787 1574 3843 nititur
1585 3797 1613 3842 et
1626 3787 1763 3841 retinere:

337 3877 451 3933 Cunctos
463 3878 529 3948 quin
545 3880 635 3949 potius
649 3894 709 3949 que
718 3881 833 3949 parebat
848 3883 968 3952 regionis
1176 3882 1288 3939 l'irmtis
1304 3880 1416 3935 minime
1430 3877 1500 3934 ierat
1517 3880 1567 3933 boe
1581 3877 1715 3932 industria
1728 3886 1834 3932 restrae.

337 3965 454 4024 Conduei
473 3969 591 4025 decimas
605 3971 674 4026 istnc
690 3970 808 4028 iaciente
822 3973 978 4042 quotannis.
1174 3973 1310 4029 iustitiam
1325 3970 1457 4035 zelemur,
1472 3980 1499 4026 el
1516 3969 1588 4025 lrosti
1603 3968 1837 4039 congrediamur:

339 4059 392 4117 llec
405 4078 470 4117 rero
483 4072 575 4128 tantm,
592 4072 646 4119 tarn
658 4063 754 4120 iarrstre
769 4068 878 4123 sedibus
890 4069 965 4124 urbis
1174 4064 1283 4139 iustitis
1300 4062 1350 4118 tuti
1367 4063 1484 4117 victores
1497 4061 1658 4116 efficiemur·

340 4150 426 4209 sarta
445 4153 529 4209 erran
540 4155 754 4212 narranaam
765 4158 862 4227 currus,
1173 4155 1221 4209 srn
1237 4154 1310 4209 anno
1320 4152 1541 4224 perendinam
1556 4125 1638 4207 dean
1653 4151 1765 4217 aaran,

340 4240 430 4311 Nocte,
444 4242 543 4315 dieque
553 4259 603 4315 per
622 4245 752 4302 ecelesias
764 4246 914 4304 celebratio
927 4248 1036 4306 landum
1158 4245 1293 4311 Utiliter,
1306 4244 1480 4300 laudabiliter
1492 4244 1532 4299 sic
1550 4244 1725 4298 emoriemur.

340 4331 371 4388 lit
381 4335 422 4403 pia
438 4336 583 4390 missarum
594 4337 674 4409 vulgo
689 4337 810 4393 ierxebat
824 4339 937 4407 agenda.
1175 4335 1295 4404 Namque
1308 4343 1381 4390 statu
1396 4334 1458 4389 sitm
1474 4333 1601 4390 sustollet
1611 4332 1672 4387 labe
1688 4333 1808 4388 carentis

340 4426 383 4481 Sie
398 4427 482 4496 igitur
494 4430 581 4483 nardo
594 4428 702 4499 pietatis
713 4445 795 4500 quam
810 4430 928 4500 pretiosa
1174 4428 1255 4496 Cujus
1265 4443 1313 4497 pro
1324 4440 1404 4482 causa
1420 4440 1468 4481 rros
1481 4423 1627 4493 contigerit
1640 4423 1782 4491 cecidisse,

340 4513 474 4572 Sensibus
485 4519 613 4589 ungentis
626 4517 730 4575 devotae
742 4519 892 4578 sedulitatis
1174 4520 1207 4573 Et
1218 4515 1517 4587 corruptibilemmortl
1533 4513 1616 4569 rixam
1631 4513 1799 4583 exposuisse.

342 4604 386 4658 i'ir
397 4605 542 4674 perlustris
555 4607 703 4680 inungebat
718 4607 829 4682 uestigia
842 4609 952 4686 Christi
1093 4614 1095 4618 '
1171 4610 1309 4665 condecet
1323 4620 1388 4679 erqo
1400 4621 1495 4660 ananus
1506 4605 1540 4661 ad
1553 4604 1636 4661 sortia
1652 4605 1760 4662 rnltters
1775 4604 1869 4670 sortes,

341 4694 403 4760 Qus
415 4698 481 4752 bont
496 4696 625 4770 minimis,
638 4700 698 4755 lteri
711 4700 763 4757 sibi
779 4700 967 4757 restilleamls:
984 4687 996 4703 ⁸
1175 4700 1209 4755 Ut
1220 4714 1273 4772 quo
1287 4713 1330 4754 res
1339 4697 1458 4769 gravior,
1470 4695 1595 4767 graviora
1605 4695 1725 4767 pericula
1735 4694 1852 4767 pulsant,

342 4782 404 4838 llam
417 4802 465 4842 sua
478 4798 551 4850 suxrt,
564 4791 684 4845 membra
697 4789 761 4845 lieet
773 4787 835 4859 eius
846 4792 968 4860 corporis
981 4805 1045 4847 urm.
1174 4791 1312 4847 Elncescat
1322 4804 1355 4846 eo
1366 4789 1463 4855 xistus,
1479 4787 1616 4857 animique
1625 4787 1783 4858 probentur.

342 4875 457 4949 bellique
473 4890 503 4937 ut
519 4881 592 4937 illins
604 4882 770 4953 evangeliea
789 4882 909 4939 mulieris
1135 4852 1159 4909 υ
1174 4882 1229 4940 blec
1245 4883 1322 4939 vobis
1333 4881 1458 4952 equidem
1470 4877 1633 4935 bellantibus
1646 4879 1702 4935 otia
1715 4879 1812 4935 ducam
1826 4894 1834 4937 ;

342 4967 441 5026 bardas
454 4972 601 5027 aromatica
612 4973 695 5028 miros
707 4972 823 5044 aspersit
833 4974 950 5030 odores:
1174 4976 1260 5045 Signa
1269 4972 1353 5029 ieram
1369 4971 1483 5043 primus.
1500 4972 1651 5030 certamina
1666 4971 1772 5041 primus
1783 4970 1869 5036 inibo,

343 5057 423 5129 llajm
436 5063 477 5116 sie
493 5063 576 5122 etiam
597 5064 715 5132 studium
730 5064 907 5120 memorabile
917 5065 982 5136 justi
1174 5063 1202 5118 ln
1213 5062 1318 5117 eunctis
1331 5062 1424 5128 adero,
1441 5076 1530 5132 neque
1540 5076 1584 5117 me
1598 5060 1734 5116 lraudabo
1757 5060 1853 5117 labori.

344 5149 509 5220 Spiramenta
525 5154 602 5211 bonae
617 5170 726 5226 quoquo
736 5171 830 5212 versus
842 5156 916 5211 dedit
931 5163 1014 5236 aurae,
1176 5153 1243 5209 Tum
1254 5153 1338 5211 veluti
1348 5152 1406 5210 sole
1420 5151 1501 5209 flores
1512 5151 1668 5224 panduntur
1679 5152 1784 5221 aprico,

344 5240 428 5297 banea
440 5252 468 5299 et
479 5257 592 5302 arcanos
607 5261 735 5320 superum
749 5247 1053 5319 penetrando'rccessus
1175 5245 1234 5300 Nox
1246 5254 1355 5316 torpore
1368 5258 1418 5301 suo
1429 5259 1499 5316 quos
1513 5242 1686 5300 astrinxisset
1699 5254 1798 5311 opaea,

343 5328 413 5403 ipsos
424 5327 659 5391 enrcrulisumrnae
671 5335 788 5394 ollactus
804 5323 926 5392 Deitatis.
1174 5327 1327 5399 illlamque
1337 5332 1415 5401 siqor
1434 5330 1502 5387 lucis
1517 5330 1634 5400 respirat
1648 5329 1755 5392 anien,

341 5420 374 5477 rit
386 5425 479 5495 quanli
493 5423 584 5495 luerit,
596 5440 679 5497 quam
703 5426 805 5493 suavis,
826 5427 921 5489 odora.
938 5424 1120 5497 placensque,
1175 5419 1225 5487 Qui
1239 5421 1368 5492 languens
1382 5421 1479 5493 gelidis
1497 5436 1566 5491 liene
1579 5418 1765 5487 0¹⁸llii³¹0i³¹
1779 5416 1907 5478 fllbbsili

342 5514 442 5569 Clarius
452 5524 496 5568 est
509 5514 584 5581 luec;
597 5516 660 5585 quia
675 5530 728 5570 non
741 5516 820 5572 modo
831 5514 934 5587 proluit
949 5514 1000 5581 llll,
1174 5510 1261 5565 Corda
1275 5510 1352 5567 ducis
1365 5513 1468 5566 rnonitu
1480 5511 1521 5565 sie
1543 5509 1692 5564 instaurata
1704 5508 1836 5577 sitorum,

344 5604 408 5667 tpnin
422 5604 505 5660 etiam
521 5604 614 5662 multis
631 5606 694 5661 tulit
708 5605 889 5665 emolumenta
903 5606 1013 5670 salutis,
1173 5604 1262 5672 Atque
1275 5615 1360 5671 paror
1370 5601 1454 5657 radiis
1466 5599 1595 5669 explosus
1610 5600 1684 5657 iners
1700 5600 1824 5667 rationis,

346 5692 376 5748 ir
390 5696 457 5753 iacis
471 5713 561 5753 rerum
575 5698 633 5769 lam
651 5697 698 5752 iret
710 5708 736 5752 et
757 5697 853 5753 ordine
866 5704 970 5753 notum.
1175 5692 1288 5749 Pectora
1305 5692 1471 5759 lerreseunt,
1488 5693 1515 5748 in
1531 5695 1615 5750 robur
1628 5692 1741 5750 bracbla
1755 5691 1889 5763 gliscunt.

376 5787 439 5843 Cum
455 5790 594 5845 traherent
607 5790 690 5859 iqitur
702 5788 788 5859 lonqae
801 5787 925 5859 condiqia
939 5786 1015 5855 rixa,
1175 5781 1243 5839 Cum
1255 5783 1359 5839 dextris
1372 5782 1626 5858 animosspondent
1641 5784 1667 5839 in
1678 5776 1750 5839 bella
1767 5781 1873 5853 ddeles,

285 5895 291 5958 =.'
345 5878 530 5951 tlrerntroquc
547 5883 631 5938 duces
644 5881 709 5938 dieti
721 5878 793 5937 bello
809 5887 999 5951 quaterentur,
1137 5934 1143 5942 ,
1178 5875 1334 5947 Ulciseique
1345 5884 1442 5948 parant
1452 5883 1588 5947 eteoqunt
1601 5876 1721 5945 undique
1736 5873 1818 5928 uires.

285 6015 293 6036 ,
345 5962 451 6044 iusidias
462 5970 572 6030 stralus
584 5980 689 6040 eontra,
705 5971 879 6052 laudemque
891 5970 1006 6044 pararit,
1177 5956 1327 6026 instructos
1348 5974 1412 6026 tnnc
1426 5966 1481 6025 dux
1494 5978 1595 6024 euneos
1605 5963 1696 6054 educit
1708 5963 1735 6019 in
1752 5962 1867 6019 bostem-
