4584 6767
269 675 271 679 ,
359 622 414 683 trs
493 638 497 645 ·
874 591 1064 685 nannents.
1083 621 1271 684 ntununrn
1290 618 1566 711 neonttonncnt
1941 628 1991 685 trs

362 739 482 805 nanim,
498 752 576 810 super
588 736 640 796 md
651 747 675 795 ιι
692 738 780 811 [arunt
793 741 834 795 ori
852 741 927 796 tneo!
938 739 1027 812 (d'sal.
1043 741 1150 813 estrat.)
1163 750 1189 812 Λ
1236 735 1317 792 istius
1329 735 1437 809 qnidam
1454 736 1671 809 nominisjngem
1686 728 1846 793 memoriam
1860 739 1991 812 babebat,

394 828 432 890 lis
452 828 562 901 quidem
577 828 645 886 tales
657 843 770 886 munere
778 828 834 900 jand
854 829 945 886 diuino
958 832 1034 899 estis,
1049 832 1147 902 quibus
1200 834 1330 895 uanoque
1341 824 1438 881 allecta
1450 824 1615 897 etlacrymis
1625 826 1815 897 frequentabat
1828 828 1990 899 invocanda,

360 923 430 980 lacte
445 935 515 993 opas
527 935 582 976 uon
601 921 654 986 sit;
669 922 717 977 sed
730 920 819 977 solido
834 919 895 976 cibo
907 959 916 987 ,
930 922 1148 993 quandoquidem
1198 923 1225 970 et
1235 923 1398 969 nocturnam
1422 914 1480 969 site
1493 913 1620 969 diurnum
1633 915 1657 971 ei
1671 914 1844 985 psallentium
1860 919 1990 985 privatim

359 1013 434 1070 eirca
453 1010 775 1068 sauciarumnersamini
794 1010 997 1082 seripturarum
1016 1012 1148 1083 limpidis·
1198 1002 1383 1076 deleniendo·
1397 1012 1428 1058 ut
1444 1003 1580 1060 interdum
1596 1018 1649 1059 oon
1672 1004 1701 1061 itt
1725 1005 1808 1075 corde
1828 1006 1990 1075 natumsed

359 1103 444 1157 simos
457 1099 557 1164 lomes,
570 1097 754 1168 simplicisque
767 1106 795 1153 ιι
807 1096 930 1153 candida
944 1098 1043 1154 mentis
1055 1098 1149 1155 oculos
1196 1090 1666 1162 etiaminoreditinuatqaemdam
1680 1092 1990 1165 sentiretqtistnmlato

357 1190 393 1244 ad
407 1187 475 1244 iliud
490 1186 635 1243 intenditis
647 1186 681 1241 de
694 1185 817 1242 canticis
826 1184 995 1241 canticorum
1010 1185 1081 1273 (qap.
1094 1185 1121 1255 t)
1138 1200 1147 1239 t
1198 1180 1455 1238 mellisdttlciurem.
1465 1180 1638 1253 Triumphale
1655 1181 1925 1244 nomenilntlsibilis
1936 1191 1989 1248 tir·

360 1275 438 1331 Oculi
466 1276 524 1347 eius
546 1276 614 1330 sicut
633 1274 765 1330 colundo
785 1273 982 1345 supernitates
1005 1290 1146 1346 aquarum,
1197 1280 1250 1338 tas,
1264 1272 1307 1327 cni
1322 1270 1453 1326 resistere
1467 1271 1503 1325 nil
1518 1280 1607 1340 potest
1625 1274 1743 1339 aduersi,
1758 1274 1859 1346 quippe
1879 1285 1909 1333 al
1921 1279 1989 1337 seri-

331 1398 334 1403 ·
358 1380 418 1434 que
433 1365 501 1421 laete
518 1373 580 1419 sunt
597 1363 657 1419 lotoe
671 1372 696 1418 st
709 1363 823 1418 resident
834 1363 915 1433 juata
933 1363 1033 1432 fluenta
1046 1361 1146 1435 pienis-
1195 1370 1270 1432 ptum
1285 1368 1327 1417 est
1344 1357 1459 1415 :Turris
1480 1360 1626 1429 [miurinus
1647 1377 1741 1434 nornen
1753 1360 1872 1431 llontini,
1883 1367 1919 1421 ati
1929 1384 1989 1423 sam

323 1503 333 1532 4
358 1453 436 1507 sima
456 1452 563 1509 idcirco
578 1459 605 1508 et
625 1451 840 1508 clarius'ridetis
853 1453 924 1508 bane
944 1452 1078 1522 typicasse
1096 1468 1144 1523 pe·
1196 1451 1278 1506 currit
1286 1450 1390 1521 p‘ustu,
1404 1461 1430 1506 et
1450 1451 1621 1508 exaltabitur.
1643 1451 1802 1510 Substantia
1820 1456 1909 1514 diuitis
1928 1462 1989 1517 turbs

215 1532 231 1546 “’
320 1541 333 1602 ;”
359 1550 443 1607 tram,
458 1540 597 1599 Christum
614 1541 730 1607 scilicet,
746 1539 839 1607 lllatn,
855 1554 916 1611 quae
933 1555 948 1595 a
963 1538 1057 1614 lloyse
1070 1541 1147 1610 tirqa
1196 1543 1298 1598 sciaris
1311 1543 1381 1611 eius,
1394 1532 1505 1613 etqsasi
1525 1559 1616 1598 nturus
1630 1544 1734 1600 salidus
1746 1546 1913 1606 circundans
1927 1566 1990 1606 sunt

366 1632 411 1689 bis
433 1648 563 1705 percussa
586 1642 647 1700 est;
673 1632 790 1699 silicem,
813 1632 846 1687 de
870 1647 922 1703 qua
948 1647 1067 1702 egressae
1083 1640 1147 1688 sont
1191 1631 1297 1704 (Prot.
1313 1634 1410 1703 stan).
1432 1631 1573 1689 liecenint
1592 1628 1682 1690 minus
1697 1634 1764 1703 altu,
1779 1638 1869 1694 ntinus
1883 1640 1988 1698 mnnita

361 1723 622 1795 upsadssqissimae,
637 1723 674 1778 ita
687 1719 959 1792 statueret-papulus
973 1729 1000 1777 et
1011 1719 1145 1791 iumenta,
1194 1729 1237 1778 est
1249 1735 1265 1776 a
1279 1731 1354 1778 turre
1367 1721 1533 1793 baridquoe
1553 1722 1686 1792 edificata
1707 1734 1746 1779 est
1759 1741 1816 1786 curs
1837 1743 1986 1798 propsqsta-

245 1855 247 1859 .
355 1810 950 1884 quoniamexeodemcnrissobtspeteussq
961 1810 1037 1867 idest
1049 1819 1145 1866 etcum
1195 1812 1394 1890 euliqusin-et
1412 1813 1483 1868 tuille
1499 1813 1582 1883 clypei
1599 1815 1712 1883 madent
1730 1831 1764 1870 cu
1778 1832 1822 1883 sa,
1842 1819 1929 1873 omma
1943 1836 1990 1874 ur·

353 1903 551 1969 niteret,cruci
562 1902 752 1970 alilxo,eteum
761 1902 817 1975 jam
825 1910 1052 1970 mettensesset,a
1062 1902 1146 1957 milite
1194 1904 1301 1952 matura
1319 1897 1429 1966 sortiunt
1440 1896 1530 1965 (Cant.
1543 1900 1594 1970 tt).
1606 1899 1635 1955 Si
1647 1900 1681 1956 ad
1693 1903 1789 1957 turrim
1805 1918 1869 1970 vero
1883 1914 1990 1975 specte·

352 1996 490 2059 lanceato,
499 1990 685 2068 probauerunt
696 1989 836 2061 sanguinis
849 1998 876 2045 et
886 1992 964 2060 aquae
976 1998 1144 2045 sacramenta
1195 1986 1451 2058 mastitiaeque
1473 1988 1583 2059 respicit
1603 2001 1697 2046 cotttrtt
1719 1992 1892 2061 Damascum,
1908 2010 1986 2066 aqna

355 2096 384 2142 et
400 2080 636 2140 abundantissima
652 2081 782 2137 donorum
796 2079 899 2150 Spiritu
917 2079 1003 2136 sancti
1019 2078 1128 2135 dttettta.
1149 2080 1183 2149 ,B
1197 2082 1223 2130 et
1235 2075 1285 2131 ista
1297 2074 1479 2143 praedicabilis
1491 2083 1544 2131 est.
1561 2075 1628 2132 Nam
1649 2078 1765 2148 despicit
1786 2078 1882 2136 lortent
1895 2098 1988 2137 arttta·

392 2173 444 2230 Sed
463 2177 494 2226 ut
511 2169 679 2235 uenerabile,
692 2167 733 2224 sie
754 2176 783 2224 et
802 2166 859 2237 jatn
886 2168 1061 2238 pracordiale
1077 2167 1144 2225 mibi
1197 2168 1266 2227 lum.
1282 2162 1387 2218 scilicet
1409 2163 1564 2231 (limium.
1579 2166 1625 2236 (itii
1647 2167 1796 2223 meandum
1820 2184 1919 2226 booten
1934 2170 1988 2225 lla·

355 2262 443 2319 estad
454 2259 772 2331 tantampereussiunem
785 2272 833 2314 cor
845 2268 872 2312 et
882 2258 1001 2329 linguam
1012 2256 1143 2325 excitare,
1196 2253 1279 2308 musci
1292 2252 1364 2321 quod
1377 2251 1574 2322 iuterpretatur
1584 2257 1722 2326 sanquint‘s
1734 2259 1869 2329 populum,
1878 2275 1988 2331 scntpcr

248 2383 259 2403 ·
356 2354 506 2411 soemtdam
521 2353 593 2424 qnod
610 2350 802 2408 ddelis'anima
818 2356 1031 2405 commonetur:
1048 2347 1143 2420 Surae,
1194 2345 1363 2414 sangninem,
1380 2331 1462 2399 idest
1481 2355 1596 2401 mortem
1612 2347 1670 2403 sitit
1681 2350 1842 2408 animasum,

355 2447 443 2501 antico
456 2460 533 2510 ntea,
553 2441 670 2512 speciata
685 2455 742 2495 meo
763 2448 787 2495 et
806 2438 880 2505 osni,
898 2437 1018 2493 columba
1037 2455 1095 2494 urea
1116 2439 1143 2493 in
1230 2432 1406 2505 ltaque,dum
1421 2435 1613 2510 candidationi,
1629 2440 1699 2509 quod
1714 2442 1888 2512 interpretati
1904 2443 1987 2501 Liba·

355 2534 532 2605 tornutionibus
557 2544 649 2603 petrc,
674 2532 704 2586 itt
725 2544 836 2586 corsuna
855 2529 977 2584 maceria
997 2528 1086 2601 (Cant.
1101 2529 1144 2601 n).
1194 2540 1258 2580 uum
1274 2526 1370 2591 nostis,
1386 2526 1450 2581 darn
1466 2528 1565 2584 animae
1585 2540 1612 2585 et
1635 2532 1758 2602 corporis
1776 2534 1898 2591 studeret
1910 2538 1987 2605 pari·

354 2627 402 2682 ilis
426 2625 518 2695 utique
540 2635 688 2695 percussus
715 2628 759 2678 est
777 2619 919 2683 cbristus,
941 2619 1067 2676 videlieet
1087 2627 1143 2674 tam
1196 2614 1410 2681 attestatius,
1426 2631 1475 2687 per
1500 2628 1660 2676 nocturnam
1674 2622 1794 2691 quietern
1808 2637 1838 2678 se
1853 2624 1922 2680 uidit
1936 2642 1987 2697 po·

351 2714 484 2785 passione
498 2713 629 2769 exteriori
645 2727 727 2784 quant
750 2709 874 2782 angustia
889 2706 1032 2765 interiori:
1049 2707 1143 2763 Tristis
1193 2704 1275 2759 sitnm
1296 2704 1322 2757 in
1336 2703 1453 2774 quadam
1477 2704 1602 2774 ecclesia,
1619 2708 1695 2780 cnjus
1714 2710 1898 2765 sanctuarium
1914 2714 1985 2768 mira

340 2812 528 2876 sumpserat,
543 2802 591 2868 alt,
603 2802 692 2856 anitttu
705 2816 762 2855 ntea
774 2815 855 2870 usque
866 2797 900 2851 od
911 2806 1018 2852 nortem
1032 2795 1141 2866 (Batti.
1193 2794 1250 2860 tax,
1264 2795 1349 2850 mirus
1369 2795 1437 2851 odor
1459 2807 1638 2868 respergeret.
1664 2799 1701 2854 lbi
1731 2801 1865 2871 siqnidem
1888 2812 1984 2872 sancta

356 2897 442 2966 suut).
457 2894 515 2950 Et:
537 2892 620 2962 Cepit
641 2906 735 2962 putrere
754 2897 780 2945 et
800 2894 896 2944 tudere
910 2886 1008 2959 (Motu.
1029 2884 1097 2958 stt),
1117 2895 1142 2942 st
1193 2884 1313 2959 Trinitas
1327 2886 1426 2942 throno
1442 2887 1578 2943 residebat
1595 2904 1677 2960 aureo
1695 2891 1757 2961 plus
1778 2890 1892 2948 nimium
1916 2909 1986 2950 astro

344 2986 442 3055 dactus
460 2992 499 3039 est
513 2982 595 3038 sudor
604 2979 661 3050 ejus
675 2979 743 3034 sicut
752 2985 834 3049 quite
850 2976 987 3046 sanquinis
1002 2975 1143 3031 decurren·
1192 2976 1291 3047 etipsa
1305 2977 1402 3032 obrizo
1417 2975 1605 3046 resplendens,
1619 2982 1700 3049 qnod,
1714 2981 1776 3050 quia
1795 2982 1923 3052 praeclare
1936 2983 1985 3038 ob·

352 3077 389 3129 tis
403 3076 543 3128 interrant
562 3069 642 3140 (due,
661 3065 743 3139 xxti).
757 3065 939 3121 Nihilominus
952 3078 1016 3121 vero
1034 3079 1064 3122 se
1079 3080 1142 3136 sug·
1192 3066 1290 3134 radiet,
1305 3080 1384 3123 omen
1403 3068 1519 3137 aceepit.
1535 3067 1621 3135 Quam
1637 3069 1701 3125 dunt
1721 3073 1937 3139 adorarel,dam
1953 3085 1986 3128 ss

354 3164 434 3237 gerit,
447 3162 519 3235 quod
543 3162 576 3217 ad
598 3160 687 3216 Elium
703 3158 784 3215 sidua
806 3156 875 3212 dixit
896 3146 1064 3227 Sareptbona
1078 3175 1086 3213 ε
1100 3157 1141 3211 Est
1193 3157 1219 3213 in
1235 3159 1383 3229 gratiarum
1402 3159 1527 3216 'actiones
1549 3168 1633 3216 tottam
1651 3161 1813 3230 edundcrel,
1828 3176 1941 3233 repente
1951 3162 1981 3218 itt

357 3257 452 3327 eolliqo
467 3255 520 3309 duo
531 3252 604 3323 liqna
622 3248 682 3323 (lll
701 3248 766 3320 lisq.
780 3247 859 3318 xttt),
878 3261 938 3317 qua
951 3247 1046 3317 procul
1061 3246 1141 3302 dubio
1192 3260 1221 3301 se
1236 3245 1325 3316 ipsam
1341 3247 1431 3314 rediit,
1446 3255 1476 3302 nt
1495 3249 1621 3305 erederet
1641 3248 1730 3321 magis
1749 3265 1799 3321 per
1819 3252 1919 3308 ntetttis
1932 3265 1982 3307 er·

354 3353 465 3406 cracem
480 3344 585 3401 duabsu
597 3349 769 3413 compactam
780 3340 862 3413 liquis
875 3339 1097 3414 mysticaverunt,
1113 3339 1140 3394 in
1192 3351 1299 3393 cessum
1312 3351 1393 3407 qnam
1412 3350 1462 3407 per
1474 3337 1611 3393 somnium
1626 3351 1656 3393 se
1670 3338 1721 3395 boc
1732 3340 1840 3395 uidisse.

289 3446 293 3453 '
354 3438 455 3511 quibus
468 3444 522 3491 tant
544 3433 571 3490 in
593 3432 677 3488 latum
691 3429 816 3488 caristus
836 3444 917 3500 quam
932 3429 960 3486 in
974 3430 1082 3501 lenpaut
1097 3402 1175 3486 dic
1221 3426 1984 3508 lieqtteiritolumsitsanctam'lrinitstembaciospeeis

355 3543 471 3601 stentus,
483 3531 548 3603 quia
573 3536 601 3585 et
623 3528 652 3584 ln
675 3525 801 3583 manibus
815 3524 996 3583 conlisionem
1007 3535 1035 3580 et
1049 3524 1076 3580 in
1090 3521 1144 3597 pc·‘
1192 3516 1512 3588 uisumqnanduqnidem
1523 3516 1981 3589 inCattticiscunticoruchap.r)=

346 3624 517 3691 dibustulit,
528 3622 571 3677 bis
584 3620 669 3677 luisse
683 3631 829 3689 percussas
839 3616 911 3672 serio
924 3615 1042 3671 dicatur.
1191 3609 1310 3666 Ecclesia
1322 3617 1400 3678 ssput
1411 3609 1512 3665 Cbristi
1522 3649 1531 3676 ,
1543 3608 1671 3667 uidelicet
1684 3609 1873 3676 birinitststn,
1884 3627 1983 3666 aurunt

379 3714 519 3783 benique,
533 3708 692 3767 seueritatis
703 3703 1012 3776 etunthcalucemun
1026 3702 1139 3774 pedibus
1190 3715 1251 3757 esse
1265 3701 1390 3765 optinum
1403 3701 1542 3771 praedicet,
1553 3714 1586 3758 eo
1600 3701 1710 3768 iutuitu,
1720 3700 1792 3771 quod
1805 3701 1912 3757 eunctis
1928 3700 1982 3758 ltoe

345 3813 459 3860 nostru
469 3799 630 3857 intentionis
649 3796 849 3861 adhibeamus,
864 3802 946 3865 alque
964 3793 1080 3851 lucidius
1093 3808 1140 3863 pa·
1190 3779 1589 3859 mentiumprettisusmetattts
1601 3791 1811 3862 etappetibilius
1827 3791 1874 3846 sit.

352 3893 432 3959 tebit,
444 3891 517 3964 qood
529 3890 575 3948 ille
593 3888 644 3945 lob
656 3902 748 3956 ueras,
760 3887 806 3943 ille
823 3886 865 3942 tir
878 3886 1000 3943 debeam
1010 3893 1038 3942 ιι
1051 3885 1140 3941 sciens
1225 3880 1313 3937 Etiam
1335 3881 1380 3937 hic
1405 3880 1462 3950 ipse
1483 3887 1586 3937 tanum
1609 3882 1697 3937 denum
1719 3881 1786 3946 sidit
1811 3881 1981 3953 majestatem
2021 3942 2029 3951 ,

352 3982 555 4046 infirmitatem,
579 3979 626 4050 qui
646 3991 710 4034 vers
730 3977 876 4048 languores
900 3984 1009 4032 nostros
1033 3976 1093 4032 tulit
1112 3983 1141 4030 et
1190 3971 1371 4045 superaltare
1384 3971 1531 4041 quoddam,
1544 3982 1608 4028 unte
1620 3972 1693 4043 qaod
1704 3972 1981 4044 septustcdetottus

351 4074 582 4132 duloresnostros
593 4068 721 4141 portarit,
737 4068 779 4124 bis
790 4081 936 4138 percussas
948 4066 996 4133 sil,
1009 4066 1138 4137 quoniam
1192 4063 1396 4130 oraresuiebat,
1414 4077 1509 4118 uerum
1525 4064 1620 4120 babitu
1637 4062 1774 4121 dissimili.
1796 4062 1865 4119 liam
1885 4077 1982 4135 quent·

350 4173 380 4220 ιι
400 4161 502 4233 linquis
515 4158 671 4216 indueram
687 4157 834 4214 eradonas
847 4164 890 4212 est
908 4158 974 4211 ltora
998 4157 1097 4224 tertia,
1111 4164 1140 4211 et
1191 4155 1335 4211 admodum
1349 4154 1380 4212 iu
1392 4155 1506 4213 baniele
1517 4156 1561 4212 uel
1576 4156 1603 4210 in
1624 4154 1788 4225 Apocalypsi
1810 4154 1918 4227 legitur,
1940 4157 1982 4213 di·

262 4273 269 4281 ·
351 4253 479 4310 menibus
494 4251 610 4306 militent
623 4249 690 4305 bora
704 4258 792 4305 sexta.
811 4247 896 4320 igitar
910 4247 1056 4303 secundm
1070 4260 1139 4316 qua·
1189 4244 1310 4300 virtitutis
1325 4246 1474 4316 antiquitas
1488 4261 1522 4303 ex
1544 4244 1673 4301 candoris
1686 4244 1837 4301 albitudine
1855 4246 1989 4303 insinua·

351 4340 515 4413 drangulum
531 4339 624 4396 crucis
639 4336 755 4394 iortnam
767 4374 776 4403 ,
790 4349 824 4392 ex
843 4350 897 4406 qua
912 4334 972 4392 orbi
986 4333 1139 4405 quadrifido
1190 4335 1283 4402 batur,
1296 4335 1359 4390 darn
1373 4334 1463 4389 Patris
1474 4334 1664 4390 uestimentum
1678 4343 1751 4391 esset
1760 4334 1837 4406 quasi
1853 4335 1900 4390 nix
1911 4350 1980 4393 esa·

349 4445 423 4487 uerte
436 4437 464 4486 ιι
486 4437 625 4500 perpetuae
640 4441 702 4483 cum
719 4427 775 4483 lieo
794 4426 871 4497 pacis
889 4425 1020 4482 benedcia
1042 4440 1140 4497 protes-
1191 4425 1303 4492 didam,
1318 4433 1347 4481 et
1368 4424 1458 4495 capilii
1481 4424 1579 4495 capitis
1602 4422 1663 4493 elus
1687 4424 1763 4494 qdasi
1783 4423 1977 4481 buamunde.

349 4527 463 4584 nerunt,
478 4526 599 4587 quatuor
620 4515 698 4570 robis
719 4528 816 4571 sensus
828 4512 969 4583 proposui,
982 4512 1080 4581 quibas
1095 4525 1140 4567 ute
1190 4516 1292 4572 Eadem
1316 4516 1408 4587 specie
1428 4524 1456 4571 et
1473 4524 1585 4571 maetas
1599 4511 1715 4570 florebat
1728 4514 1856 4583 Spiritus.
1875 4514 1979 4571 liuram

237 4625 243 4635 ¹
348 4606 750 4675 restrosineompunctionem
774 4605 944 4674 percussisse
963 4604 1139 4673 snitnosipse
1190 4608 1295 4664 medius
1319 4606 1496 4677 pandebatin
1513 4618 1595 4661 eruce
1612 4602 1697 4660 Filius
1723 4604 1842 4661 mirabili
1860 4608 1979 4676 quodum

235 4693 241 4702 ’
350 4696 474 4761 dederit,
494 4696 602 4764 dequo
618 4692 684 4748 dicit
702 4692 783 4747 Pater
796 4710 804 4747 ι
818 4691 931 4767 Propter
943 4694 1026 4747 stelas
1046 4692 1138 4760 papuli
1153 4736 1175 4790 D
1190 4706 1272 4767 atque
1283 4696 1412 4753 ineliabili
1429 4695 1509 4752 modo
1522 4705 1648 4753 canotus
1662 4710 1760 4768 parens
1770 4706 1799 4751 et
1813 4706 1901 4762 retus,
1913 4696 1978 4753 dum

346 4788 400 4841 snei
415 4785 533 4856 percussi
544 4799 603 4839 esta
619 4782 690 4855 (lta.
705 4784 775 4855 snt).
798 4782 902 4838 Exinde
917 4784 1022 4839 sancito
1041 4785 1069 4839 itt
1086 4798 1136 4837 no·
1186 4795 1270 4860 eaput
1282 4790 1363 4844 etiam
1376 4789 1435 4857 eins
1450 4797 1477 4843 et
1486 4787 1575 4860 capilli
1585 4781 1676 4844 essem
1689 4796 1817 4857 mnquutn
1833 4786 1894 4840 iana
1905 4786 1977 4852 alba,

349 4878 422 4933 tnin'e
440 4875 531 4931 Patris
554 4884 583 4931 ιι
603 4875 666 4930 Filii
691 4882 721 4931 et
743 4875 847 4958 Spiritu
864 4876 950 4934 sancti
974 4874 1137 4945 baptismate
1187 4890 1216 4936 et
1242 4886 1369 4947 tanquam
1397 4876 1624 4948 transmutans
1648 4890 1714 4947 erqo
1744 4885 1798 4931 turn
1823 4875 1979 4933 reverend·

349 4965 491 5036 impletum
511 4972 553 5021 est
576 4963 948 5035 prophetieutnttlud213rtt
969 4965 1028 5035 iuras
1046 4976 1136 5035 panas
1188 4970 1322 5042 maiestati
1342 4971 1473 5027 adorabat
1493 4978 1521 5026 et
1534 4968 1803 5038 benedicebat,illud
1828 4970 1978 5041 gratiarum

345 5058 439 5112 dosttut'
450 5055 537 5111 bana
548 5067 573 5110 et
588 5054 769 5111 dubitantibus
779 5054 926 5111 semaam
940 5059 967 5109 in
977 5039 1136 5123 ablationem
1188 5064 1303 5119 actionis
1319 5071 1361 5117 ter
1377 5062 1500 5117 iterans:
1515 5060 1573 5115 ntor
1591 5060 1662 5128 laus,
1683 5060 1979 5131 tormentarium..

346 5146 493 5214 peccatoris
513 5154 541 5200 ⁴et
558 5153 728 5200 menstruale
743 5145 840 5216 (laed.
858 5143 929 5215 rttt).
952 5146 986 5199 Et
1001 5146 1065 5202 illud
1084 5146 1138 5202 bo·
1187 5155 1284 5209 tiarunt
1295 5155 1375 5232 ucria,
1387 5170 1402 5209 o
1414 5155 1488 5207 beata
1502 5161 1526 5207 et
1538 5152 1673 5208 benedicta
1683 5162 1709 5206 st
1722 5152 1839 5222 plurima
1857 5152 1978 5209 Trinitas

348 5238 478 5294 miniettm
496 5256 502 5293 :
521 5238 574 5305 Qui
585 5240 652 5304 iiiii.
667 5240 754 5294 ueniat
774 5239 808 5293 “d
821 5254 860 5292 'll‘
872 5247 896 5293 ‘i
914 5240 994 5297 uitat.
1012 5239 1064 5306 Qvi
1079 5257 1136 5294 cre·
1188 5248 1271 5304 Pater
1292 5259 1316 5303 et
1341 5246 1366 5300 F
1368 5248 1444 5309 iiius,
1460 5262 1486 5300 et
1507 5245 1622 5315 Spiritus
1650 5256 1772 5307 sanstus,
1790 5229 1978 5315 sentiebatque

239 5403 242 5407 Δ
348 5328 386 5384 tiit
407 5331 436 5383 its
456 5331 593 5397 me,sicul
613 5331 676 5386 dicit
696 5330 846 5401 Scriptura,
872 5332 1030 5401 flumineae
1049 5342 1137 5387 oetttrs
1187 5337 1345 5396 atticissitna
1364 5354 1394 5394 se
1415 5337 1656 5409 aSpiritnsaneto
1674 5335 1842 5406 mpiratione
1862 5336 1977 5406 dignari,

348 5419 499 5490 musileum
513 5436 590 5497 uquoe
602 5422 693 5478 rite:
714 5424 764 5504 boc
778 5430 865 5475 autern
880 5422 947 5476 dicit
967 5423 998 5477 de
1019 5421 1134 5492 Spiritu,
1187 5446 1248 5501 qttae
1259 5430 1400 5500 aspiratio,
1418 5430 1454 5484 nti
1475 5428 1587 5494 iratres,
1608 5436 1662 5481 tam
1677 5418 1825 5483 reltetn'ens
1841 5425 1977 5481 interdurn

264 5545 267 5559 .
348 5524 422 5584 quem
433 5510 566 5579 accepturi
580 5523 654 5565 erant
668 5515 800 5570 credentes
813 5516 842 5570 itt
855 5530 915 5570 stttn
930 5513 1020 5585 (ioan.
1036 5516 1097 5587 ιιι).
1189 5537 1222 5579 ιι
1236 5522 1315 5579 lortis
1329 5536 1389 5578 esse
1404 5522 1480 5585 solet,
1489 5529 1519 5577 ut
1531 5522 1582 5576 nisi
1597 5520 1761 5576 fortissimus
1772 5519 1832 5590 ipse
1841 5520 1977 5585 aspirator

654 5604 768 5664 carun
782 5607 827 5663 lv.
1186 5612 1315 5678 animam,
1329 5612 1371 5668 cui
1386 5612 1499 5682 aspirat,
1516 5616 1660 5676 sustentet,
1677 5607 1842 5664 dissolvatur
1859 5612 1888 5659 et
1899 5603 1977 5674 quasi

382 5699 615 5769 Porro,quontam
636 5705 716 5752 tanta
741 5698 901 5769 ntajestatis,
915 5699 1018 5757 seilicet
1034 5709 1135 5757 sanctae
1186 5704 1315 5774 liquebat.
1329 5703 1358 5759 Si
1378 5703 1506 5758 mundum
1524 5701 1660 5756 inuenerit
1679 5707 1783 5770 pectus,
1799 5698 1824 5755 si
1843 5695 1975 5752 exercita·

346 5790 488 5848 ’lrinitatis
501 5806 573 5846 nune
586 5798 738 5862 opportune
758 5791 859 5846 mentio
876 5791 1031 5860 interuenit,
1046 5801 1074 5848 et
1086 5807 1134 5849 tus
1186 5802 1241 5849 tarn
1258 5792 1466 5864 compunctione
1476 5799 1506 5847 et
1519 5791 1658 5863 lucrymis,
1669 5805 1719 5848 nec
1735 5806 1788 5846 non
1805 5787 1857 5860 piis
1871 5785 1977 5842 actibus

346 5880 419 5935 tertii
440 5880 522 5952 bttJns
541 5879 623 5938 libelli
649 5880 765 5937 frontem
787 5882 916 5953 signastis
940 5886 991 5941 ltoc
1014 5887 1134 5953 tramitte,
1156 5887 1158 5896 '
1185 5893 1320 5951 malurn,
1343 5885 1412 5940 lenis
1434 5899 1466 5940 uc
1490 5883 1577 5941 duleis
1601 5883 1730 5950 sentitur,
1749 5880 1849 5949 suique
1873 5876 1977 5930 amoris

347 5971 468 6040 quaedum
481 5970 665 6029 memorabilia
679 5971 757 6029 nobis
770 5979 798 6028 et
812 5972 855 6043 pla
871 5973 935 6030 inde
951 5974 1079 6031 releram.
1186 5974 1586 6046 qratiuperlunditetlumiae.
1605 5970 1763 6044 Sialicttlus
1779 5983 1849 6043 peto
1866 5964 1975 6043 peccad
2030 6025 2037 6040 ,
