4584 6767
323 593 376 651 2ss
1061 601 1211 660 nutrita.
1485 552 1491 566 ¹
1901 600 1956 658 iil

325 707 427 763 bellom
444 706 614 791 apostolicus
630 709 734 777 legatus
756 710 926 772 excitaret-it.
938 714 1120 784 gentibusque
1133 756 1141 778 .
1156 731 1225 786 guas
1238 714 1296 772 dira
1312 711 1370 770 lues
1390 711 1525 767 ltaerescos
1542 708 1692 777 infecerat,
1713 709 1859 767 salutarem
1876 713 1955 768 stilai·

325 777 417 859 buerit
432 779 610 833 medicinam.
625 778 697 833 ldem
711 780 925 837 cumulatissime
939 784 1065 852 preastitit
1087 785 1114 839 iu
1128 785 1239 851 Galliis,
1255 800 1315 841 eum
1331 782 1368 839 ibi
1381 783 1478 838 eodem
1497 779 1640 851 legationis
1652 794 1766 836 munere
1785 780 1963 852 ungeretur.-

327 847 481 915 anntdem,
497 862 577 910 cum,
593 862 654 916 guse
669 850 702 902 ad
718 848 839 904 ditinum
854 851 956 905 cultum
980 864 1117 921 spectant,
1131 856 1224 910 omnnia
1240 854 1452 925 perlustrasset,
1474 851 1676 922 reperissetque
1698 850 1906 921 Lugdunensem
1922 866 1955 906 ae

326 914 534 997 iisrboneusem
559 919 781 1000 arcltiepiscopos
797 920 869 975 circa
887 936 996 992 gregstu
1012 923 1158 1045 insiguiter
1172 925 1315 990 desidere,
1334 932 1500 992 utrumque,
1517 919 1598 977 nullis
1624 919 1709 976 flexus
1730 912 1857 990 precibus
1880 922 1956 976 exuit

327 985 548 1068 drguttste3i101
560 1001 700 1042 conversus
718 1004 743 1041 tu
759 989 902 1045 itereticos
918 991 1014 1057 armis,
1029 993 1066 1046 i'n
1081 993 1133 1047 ictu
1153 993 1329 1064 praeualidum
1345 1000 1466 1047 castrum
1479 1032 1486 1054 ,
1500 990 1608 1045 illorum
1630 1004 1720 1044 arcem
1731 1028 1739 1055 ,
1752 996 1908 1059 oppugnat,
1922 1004 1956 1044 se

327 1055 437 1135 demum
449 1056 542 1110 ιΙιιιιιο
560 1058 645 1123 tnagis
660 1071 741 1126 quam
761 1058 879 1113 bumana
899 1070 1038 1130 expugnat
1052 1062 1177 1123 consilio.
1194 1064 1306 1118 Veronae
1318 1061 1401 1117 Lucio
1414 1060 1534 1131 pontifici
1552 1060 1692 1115 decedenti
1712 1058 1817 1125 adluit,
1841 1074 1904 1114 mox
1928 1066 1956 1113 ct
2054 1069 2056 1073 ·

327 1123 465 1178 ierrarttu
480 1123 592 1180 Urbano
606 1125 637 1180 lli
651 1142 712 1181 cum
736 1136 825 1182 morte
843 1128 956 1184 luctanti
973 1127 1143 1199 postremum
1166 1133 1276 1201 pietatis
1291 1130 1408 1187 oldoium
1426 1130 1568 1199 impendit.
1586 1128 1709 1196 Cumque
1723 1127 1842 1183 ilenrico
1853 1142 1956 1197 purpu-

328 1201 453 1247 ratorum
467 1202 581 1249 senatus
595 1194 770 1265 apostolicam
786 1196 877 1262 aedem
894 1200 965 1254 ultro
979 1199 1269 1269 uoleusguedeierret,
1286 1218 1340 1257 nou
1356 1201 1483 1255 assentiis
1493 1197 1679 1262 offerentibus,
1692 1200 1719 1253 ia
1729 1196 1890 1268 Gregorium
1899 1195 1956 1250 Vill

276 1325 278 1332 Ι
329 1263 460 1344 bonorem
476 1264 639 1328 refundens,
655 1280 734 1334 uuum
748 1266 810 1321 ideo
824 1267 912 1321 tirum
926 1268 1166 1337 incomparabilem
1178 1284 1313 1325 summum
1328 1268 1483 1339 pontificem
1497 1268 1649 1337 eligetulum
1662 1266 1783 1331 cornuin
1799 1279 1878 1335 aquo
1891 1280 1954 1320 etun

330 1332 428 1386 demde
442 1332 477 1386 ad
492 1347 588 1388 omines
598 1335 736 1402 principes
751 1334 920 1390 Christianos
935 1335 1040 1405 legatus
1055 1354 1117 1392 cum
1134 1341 1253 1393 tntaaima
1267 1338 1429 1393 attctoritste
1440 1335 1595 1392 declaratus
1608 1336 1714 1402 luisset,
1728 1336 1764 1390 ita
1780 1349 1878 1390 mutuus
1890 1334 1955 1389 illud
1990 1356 1999 1363 ·

328 1414 451 1482 camere
464 1416 517 1456 sno
530 1404 666 1457 cumulate
683 1403 816 1484 impleuit,
833 1414 862 1458 ut
873 1404 1043 1461 Fridcricnm
1056 1407 1143 1477 ipsum
1156 1408 1237 1463 toties
1255 1408 1400 1532 sseclidiose
1419 1406 1553 1475 relapsum
1574 1419 1635 1460 eum
1656 1406 1796 1459 Clemente
1809 1402 1842 1457 tlt
1857 1419 1955 1459 recou-

310 1470 475 1534 -ubsrertt,
491 1485 610 1553 eumque
622 1481 761 1542 sexaginta
777 1487 875 1530 atonem
891 1475 1111 1545 praeclarissimis
1134 1477 1253 1547 principi
1274 1492 1306 1534 us
1321 1476 1515 1540 bellatoribus,
1539 1474 1597 1529 suis
1613 1474 1817 1545 ipse,mauibus
1839 1472 1955 1529 militari

327 1551 634 1609 croeecoustgnaseut.
2035 1599 2037 1603 ,

359 1609 433 1691 Canu
448 1609 495 1664 sir
507 1610 682 1692 doctissimus
701 1621 792 1681 esset,
805 1613 895 1670 adbuc
913 1613 998 1671 abbas
1008 1615 1235 1672 declamationem
1251 1625 1346 1672 eontra
1368 1615 1511 1672 baereticae
1525 1611 1685 1684 albigenses
1698 1610 1913 1683 subpullulantes
1926 1611 1955 1665 in

327 1677 422 1761 Gallus
438 1680 561 1748 scripstt,
576 1695 656 1748 quarn
673 1682 699 1736 in
713 1682 770 1737 suis
789 1681 888 1741 danai.
909 1683 993 1740 relect
1009 1684 1141 1741 baronius
1164 1694 1230 1741 totu.
1254 1684 1312 1741 xtt.
1329 1685 1442 1759 demum
1465 1685 1508 1738 uir
1521 1681 1642 1752 optimus
1662 1691 1743 1751 atque
1757 1681 1895 1737 excellens
1916 1680 1954 1735 ita

328 1749 460 1803 omtubus
477 1747 659 1817 probatur,ut
672 1762 769 1806 auctor
787 1752 854 1810 liitae
868 1753 897 1810 S.
918 1753 992 1809 Petri
1009 1754 1230 1810 Tarantasicusis
1244 1754 1319 1811 inter
1333 1754 1462 1809 Ecclesiae
1475 1752 1577 1808 Christi
1595 1750 1735 1807 columnas
1756 1750 1832 1807 illurn
1852 1748 1955 1820 prinei·

296 1879 299 1886 Δ
330 1833 390 1887 pem
405 1818 566 1872 columnam
581 1820 708 1888 appellet.
726 1820 761 1875 Et
776 1824 875 1879 merito
888 1823 1009 1894 guidem,
1026 1840 1087 1880 cum
1101 1839 1189 1895 usque
1203 1825 1237 1879 ad
1257 1834 1411 1879 extremum
1428 1822 1554 1888 spiritam
1568 1834 1617 1889 pro
1638 1819 1758 1875 Ecclesia
1777 1819 1952 1875 laboraverit.
2052 1846 2056 1892 f

327 1888 450 1957 mulque
463 1896 496 1940 ut
507 1887 716 1969 praeclarissime
729 1894 813 1959 gestis
824 1892 980 1949 coronidem
996 1894 1065 1950 satis
1077 1895 1218 1949 decentem
1231 1900 1389 1963 apponeret,
1405 1893 1456 1948 sub
1468 1892 1607 1945 Cletneute
1622 1889 1655 1944 lll
1669 1890 1695 1943 in
1708 1888 1802 1961 Belgio
1815 1896 1953 1959 postrema

328 1960 444 2027 iungens
458 1956 605 2027 legatione,
622 1957 781 2017 l'laudreusi
796 1962 889 2017 couniti
904 1961 1135 2034 Atrebatensiqua
1151 1962 1297 2025 Ecclesiae,
1320 1963 1367 2028 aui
1392 1959 1575 2030 inexplicabili
1598 1958 1793 2028 propemodum
1813 1957 1954 2012 simultate

297 2095 300 2102 ι
327 2026 503 2096 pugnabant,
527 2040 576 2081 sna
603 2029 745 2096 prudentia
760 2032 936 2100 cottsiliisque
957 2035 1064 2100 peperit
1088 2047 1203 2102 pacem;
1219 2047 1251 2088 ae
1266 2030 1433 2087 ineluctabili
1450 2031 1545 2085 morbo
1559 2031 1617 2099 ipse
1631 2032 1787 2110 correptus,
1801 2042 1862 2082 cum
1880 2026 1955 2080 inorsa

327 2097 402 2151 lstsli-
424 2111 456 2150 se
469 2097 623 2178 propiorem
640 2097 698 2178 beri
713 2101 837 2167 sentiret,
850 2111 915 2157 ante
928 2100 1018 2156 altare
1031 2102 1061 2157 S.
1077 2103 1194 2162 Andrean
1217 2100 1382 2157 estbedralis
1403 2098 1526 2165 ecclesiae
1541 2113 1571 2153 se
1585 2098 1723 2167 deportant
1740 2096 1844 2179 Jttssit,
1862 2094 1955 2163 ibique

327 2176 510 2221 sacramenta
524 2175 644 2220 uutrrttus
656 2178 726 2222 tuter
741 2172 912 2226 sacerdotum
930 2186 1028 2227 tuauus
1044 2174 1163 2226 animam
1178 2170 1326 2236 eabalsrit,
1341 2170 1414 2225 diei
1429 2169 1530 2224 tuentis
1540 2168 1603 2223 iulii
1622 2167 1690 2223 ttae
1703 2183 1711 2228 ς
1724 2182 1739 2219 c
1751 2180 1837 2235 traque
1853 2178 1955 2232 corpus

327 2253 356 2289 et
380 2244 551 2292 testantento
562 2235 589 2289 in
605 2236 811 2294 Claratnsnllem
824 2241 939 2295 relatum
954 2249 1006 2307 est,
1021 2242 1261 2311 turnulatumquea
1278 2239 1451 2311 Lingonieusi
1463 2239 1591 2309 episeopo
1607 2237 1678 2293 iuter
1695 2236 1726 2290 u.
1780 2235 1954 2292 mardani-sc
1973 2235 1978 2254 '

328 2308 355 2363 S.
366 2305 532 2360 llslacbiam
555 2319 616 2360 curat
630 2306 681 2362 lec
695 2309 842 2378 epitaphio.

679 2420 802 2491 Saliaeet
816 2423 878 2476 inuio
894 2423 976 2491 lapidi
992 2424 1123 2495 quendam
1139 2425 1290 2480 notissimas
1304 2425 1361 2480 orii

680 2492 772 2547 dilus
782 2490 911 2547 iienricus
932 2492 1053 2548 Romano
1065 2493 1174 2548 cardine
1192 2495 1309 2564 dignun

682 2560 796 2614 Lubrica
809 2562 855 2631 pai
867 2564 928 2618 anni
940 2574 1106 2617 contemnens
1118 2565 1218 2633 gaudia
1229 2563 1337 2628 muudi,

683 2628 770 2685 i'erra
789 2632 904 2686 utetttbra
916 2632 998 2701 dedit,
1014 2633 1085 2687 celis
1098 2634 1266 2704 animamque
1280 2635 1392 2688 annisis.

361 2743 515 2802 Clarissimi
533 2743 584 2799 riri
595 2743 685 2800 vitam
718 2755 833 2814 esusque
846 2746 923 2801 multi
937 2745 1081 2815 scripsere,
1100 2745 1126 2802 iu
1142 2745 1242 2816 quibus
1254 2743 1389 2801 Caesarius
1405 2745 1464 2816 elus
1477 2751 1721 2813 cotttempotaueus
1744 2743 1770 2797 in
1785 2742 1854 2798 libro
1869 2746 1950 2794 atra·

331 2821 460 2882 salernam
477 2814 604 2896 ilaguuut
618 2760 766 2870 Exeundum
780 2816 971 2871 Cisteccicusis
984 2816 1098 2871 orditus.
1115 2816 1135 2871 l.
1151 2831 1184 2880 u,
1197 2830 1222 2869 c.
1240 2815 1350 2877 delita
1367 2814 1525 2869 Vincentius
1539 2814 1672 2867 Bellonae.
1685 2813 1731 2868 lib.
1747 2828 1818 2875 aas,
1834 2824 1895 2880 cap.
1905 2808 1950 2864 bl.
2046 2865 2049 2872 ,

330 2885 355 2939 ln
369 2886 488 2941 llalettd.
504 2884 680 2941 Ctstereieusi
700 2885 727 2939 iu
741 2884 833 2940 album
850 2884 993 2940 beatorum
1006 2886 1126 2939 retertur
1138 2886 1184 2939 die
1197 2883 1230 2938 tl
1242 2898 1278 2937 ru.
1294 2881 1369 2938 latii.
1383 2882 1448 2951 Eius
1462 2891 1561 2952 praeter
1574 2880 1718 2936 baronium
1733 2881 1854 2938 ututuinit
1866 2879 1953 2935 Cras-

330 2958 398 3011 tsins
416 2956 465 3012 lib.
486 2968 534 3020 ιιι,
551 2968 612 3023 cap.
627 2954 654 3022 5,
678 2952 826 3018 Senonioe;
842 2952 1005 3008 sirmundus
1020 2952 1048 3024 in
1064 2952 1137 3009 uotis
1153 2952 1187 3007 ad
1208 2953 1318 3008 Petrum
1339 2950 1509 3016 Cellensetu,
1525 2950 1734 3033 Cltrysostomus
1756 2950 1908 3019 ilenriques
1924 2948 1953 3003 ia

276 3077 278 3084 .
330 3024 473 3080 i'aseisule
485 3023 538 3083 SS.
555 3025 642 3079 ordin.
659 3023 769 3078 Cistena.
784 3033 812 3077 et
825 3024 851 3077 iu
868 3021 966 3077 deuel.
983 3021 1203 3089 nathanaetem
1222 3020 1388 3088 biotttaiuus,
1404 3021 1535 3098 ntultique
1554 3022 1610 3076 alti.
1629 3020 1745 3091 Scripsit
1761 3020 1891 3078 uenalem
1905 3017 1955 3076 ad-

331 3109 422 3153 tersus
434 3095 596 3166 albigenses
611 3093 762 3151 baereticae.
777 3092 872 3149 Castae
888 3105 931 3163 ep.
948 3100 967 3146 t.
985 3090 1032 3148 ttlt
1049 3086 1119 3149 dun.-
1135 3090 1255 3150 Baronii.

1797 3294 1953 3324 -α
1998 3318 2011 3336 .

878 3449 1134 3545 uoltum
1157 3449 1390 3542 autaut
1439 3474 1441 3478 ’

542 3667 585 3737 ill.
600 3664 689 3719 bertr.
705 3663 824 3729 Ttsstss,
839 3661 965 3715 Biltiotl.
983 3658 1058 3713 Patr.
1073 3658 1197 3721 Cistena..
1211 3656 1362 3715 Bouaioute
1374 3658 1453 3718 tabu.
1470 3658 1534 3738 lab,
1546 3669 1563 3715 t.
1577 3658 1611 3715 lii
1622 3660 1727 3734 initio,

1089 3818 1252 3840 ἢ

362 4016 434 4071 „gre
453 4002 493 4050 ins
508 3998 550 4050 ltie
561 3995 674 4062 pensat,
692 3994 785 4048 Castro
798 3992 933 4048 Marciaco
948 4009 1027 4063 prope
1044 3992 1202 4048 Cluuiarum
1220 3992 1373 4063 parentibus
1397 3992 1527 4048 stabilibus
1544 4003 1633 4060 ortus,
1652 3995 1679 4048 iu
1702 3994 1852 4050 Claruoalls
1867 3998 1954 4051 aditae

326 4090 393 4139 puer
407 4016 541 4135 refigionis
558 4078 650 4119 restem
663 4064 802 4129 unsttmpsit
818 4076 828 4117 .·
842 4078 873 4115 ae
888 4066 1002 4115 nondam
1016 4064 1106 4130 elapso
1123 4062 1300 4133 quadriennio
1314 4062 1487 4117 Altoecumioe
1498 4064 1613 4134 primum
1625 4105 1633 4130 ,
1647 4073 1740 4133 etpost
1759 4065 1858 4136 aliquot
1871 4083 1958 4120 annos

327 4138 495 4197 Claranuilis
511 4136 591 4189 abbas
605 4144 642 4188 est
656 4133 762 4187 eiectus.
777 4132 878 4201 Carpus
897 4129 927 4186 S.
940 4130 1070 4186 Bernardi
1085 4133 1117 4186 ab
1132 4131 1283 4185 Alexandro
1299 4130 1346 4185 tlt
1366 4131 1445 4201 paulo
1464 4141 1524 4187 ante
1546 4134 1573 4187 in
1587 4134 1700 4189 coeiitum
1712 4150 1848 4189 numeram
1861 4136 1957 4198 relati,

326 4213 353 4265 in
371 4223 521 4263 nsnmoreo
537 4204 675 4273 sepulcro,
694 4204 738 4256 uli
751 4202 830 4255 etiam
843 4216 912 4253 uscue
927 4202 1048 4269 quiescit,
1065 4200 1173 4255 recondi
1195 4202 1306 4254 curauit.
1330 4197 1462 4255 Virtutum
1477 4214 1565 4257 ualens
1586 4204 1644 4273 ejus
1659 4204 1734 4272 lanta
1754 4203 1829 4273 louge
1850 4205 1955 4273 lotegaa

330 4298 357 4336 se
368 4277 538 4347 diffundente
550 4317 557 4340 ,
570 4274 689 4328 autaldus
702 4272 872 4326 clarissimus
886 4270 957 4338 luit,
974 4279 1029 4324 lam
1043 4270 1147 4339 regibus
1162 4280 1186 4321 et
1200 4269 1381 4338 principibus,
1396 4286 1475 4340 ganam
1491 4272 1620 4342 religiosis
1634 4282 1658 4327 el
1674 4274 1802 4339 pretatis.
1819 4271 1859 4326 lu‘
1872 4272 1952 4327 Telo·
2013 4332 2016 4336 ,

328 4365 427 4403 sanam
441 4348 590 4415 episcopum
603 4353 627 4397 el
637 4343 717 4412 paulo
729 4351 786 4411 prust
802 4343 828 4394 iu
852 4338 1048 4393 cisterciensem
1072 4339 1279 4394 eoenobiarclmm
1296 4338 1413 4404 electus,
1440 4350 1579 4409 utramgus
1602 4343 1758 4411 dignitatem
1775 4344 1914 4395 recusauit.
1931 4343 1952 4395 Α

328 4420 463 4474 Clemente
473 4412 521 4467 tlt
536 4420 570 4467 ad
584 4412 761 4466 Lateraneuse
772 4409 912 4469 eotteiliuus
926 4410 1082 4462 noruinatim
1096 4409 1214 4474 accitus,
1226 4408 1370 4461 cardinalis
1389 4409 1485 4462 inuitus
1497 4420 1612 4476 creatur,
1626 4420 1704 4480 algae
1724 4411 1859 4480 smuapai
1873 4412 1954 4467 nlla
2025 4411 2027 4413 ’

328 4489 419 4543 nensis
430 4491 618 4546 consecratum
633 4492 657 4535 et
675 4496 736 4535 aton
750 4480 851 4549 legatus
869 4495 929 4533 cunt
949 4480 1069 4548 plenaria
1084 4487 1184 4533 sanatoe
1203 4477 1273 4531 sedis
1287 4486 1415 4545 potestate
1433 4478 1468 4529 ad
1482 4479 1628 4548 prouincias
1648 4489 1862 4544 transmontanas
1873 4482 1956 4542 mitti-

329 4569 393 4623 tsr,·
408 4555 619 4622 arcltiepiscopos
634 4551 833 4621 Lugdunensem
845 4544 873 4602 'et
890 4547 1089 4602 Narbonensem
1100 4547 1207 4614 deponit
1222 4587 1229 4610 ,
1245 4547 1352 4600 abbates
1368 4547 1467 4616 nigros,
1478 4558 1503 4602 et
1515 4548 1610 4604 multos
1626 4548 1955 4619 Ecclesiaruncpralatos,

328 4636 461 4698 quautam
471 4623 573 4692 potuit,
589 4620 752 4691 reformauit.
768 4617 976 4673 Munitissimum
992 4617 1177 4672 itereticoruut
1192 4614 1316 4669 Castrum
1331 4617 1393 4680 ,cui
1404 4633 1497 4671 nautea
1511 4615 1594 4673 Vallis
1608 4629 1679 4682 erat,
1692 4620 1811 4674 eleusine
1827 4619 1955 4672 trtiracule

329 4700 398 4765 repit
412 4710 421 4747 :
434 4703 460 4747 et
477 4692 576 4747 erroris
598 4695 678 4744 disces
695 4681 794 4753 tenuii',
809 4688 936 4752 conticit,
949 4696 973 4742 el
987 4688 1107 4741 baeresim
1117 4684 1220 4754 publice
1241 4685 1366 4754 abjurare
1384 4688 1476 4753 coegit.
1501 4686 1600 4742 Delius
1612 4689 1732 4744 dilectam
1747 4704 1822 4743 suam
1839 4686 1956 4741 Clarum·

310 4771 314 4776 '
330 4767 424 4819 sallent
440 4762 553 4817 uisitauit
563 4770 588 4814 et
602 4759 754 4814 muneribus
767 4758 883 4814 donauit.
896 4756 1007 4811 iiomntu
1019 4771 1153 4820 reuersus,
1173 4770 1224 4808 uon
1246 4754 1328 4808 multo
1352 4764 1409 4826 post
1429 4754 1596 4812 Urbanoiii
1613 4774 1646 4812 ea
1663 4761 1726 4813 uisis
1742 4758 1845 4813 sublato
1860 4758 1957 4810 srttclta·
2012 4812 2014 4815 ,

329 4853 390 4890 rtem
406 4832 584 4888 cardinalium
599 4831 665 4883 cotis
678 4840 878 4883 eutu·summas
888 4826 1008 4895 pontisas
1027 4826 1221 4896 designaretur,
1239 4823 1336 4878 adduci
1354 4841 1406 4880 uon
1421 4826 1508 4896 poluit
1530 4835 1557 4881 ul
1570 4828 1697 4894 ,electioni
1716 4845 1771 4883 sue
1783 4829 1955 4886 consentiret.

330 4906 378 4961 sed
393 4902 481 4956 cruris
493 4899 669 4971 predicanda
677 4900 788 4967 apiciana
800 4912 934 4949 ussunuus
947 4896 1009 4948 tube
1019 4896 1139 4962 recessit,
1151 4904 1175 4947 et
1186 4894 1368 4961 imperatorem
1380 4911 1440 4949 carm
1451 4898 1682 4966 sexagintnneeen
1692 4897 1851 4967 principibus
1862 4906 1885 4949 et
1897 4897 1956 4949 aliis

330 4975 472 5043 plurimis,
499 4985 569 5038 reges
585 4983 688 5038 guoque
710 4965 805 5020 Gallia
824 4976 847 5018 et
861 4964 970 5036 ,Ategua
986 4980 1062 5018 cruce
1081 4964 1210 5033 signauit,
1232 4964 1261 5017 id
1279 4974 1329 5028 est,
1357 4966 1392 5018 ad
1413 4964 1509 5019 lelium
1526 4982 1644 5031 saerata,
1659 4976 1682 5021 el
1695 4968 1729 5020 ad
1750 4971 1957 5021 succurrendum

324 5045 423 5099 ·'lesroe
439 5042 562 5101 Sarnade,
579 5048 677 5092 tessera
694 5040 781 5092 erucis
800 5033 898 5088 collata
926 5033 1060 5102 obligauit.
1080 5032 1147 5087 Cum
1171 5033 1282 5087 uertisset
1304 5032 1550 5099 assentientium,
1571 5036 1628 5107 eius
1646 5037 1835 5106 praedieatione
1845 5035 1958 5102 permoti
2022 5061 2025 5074 ·

330 5125 355 5168 et
368 5110 519 5179 compuncti
535 5107 624 5161 clerici
636 5105 724 5175 piures
738 5106 878 5174 sexaginta
892 5119 938 5157 sea
953 5105 1046 5156 timore
1060 5101 1188 5157 Simouioe
1203 5117 1252 5154 sua
1266 5103 1291 5157 ei
1306 5103 1430 5172 beneficia
1444 5105 1634 5174 resignarunt:
1648 5121 1707 5176 guae
1719 5106 1813 5159 deiude
1827 5110 1856 5155 ul
1870 5105 1957 5160 amitis

332 5182 463 5238 Simonias
474 5178 545 5231 labes
568 5177 683 5241 abesset,
704 5175 822 5242 plenaria
840 5182 964 5241 potestate
977 5171 1045 5226 uelut
1060 5187 1147 5226 recens
1164 5169 1385 5238 collata,eisdem
1402 5175 1527 5227 restituit.
1546 5173 1657 5229 Demant
1672 5175 1700 5227 iu
1715 5185 1803 5244 partes
1821 5170 1958 5224 atalante

330 5252 476 5321 proiectus,
491 5263 579 5314 pacem
594 5247 663 5300 iuter
673 5246 791 5299 comitem
806 5242 878 5297 illius
919 5243 1042 5295 rottiucioe
1056 5250 1080 5296 el
1093 5239 1292 5294 Atrebatenseru
1306 5238 1453 5295 Ecclesiam
1470 5241 1631 5310 reformauit.
1648 5241 1741 5300 diario
1762 5244 1797 5294 ibi
1811 5249 1957 5308 correptas,

331 5322 462 5386 susceptis
482 5318 607 5371 Ecclesiae
617 5316 791 5374 samanteutis
805 5321 866 5367 onte
877 5260 962 5365 adure
976 5310 1007 5368 S.
1022 5310 1136 5365 Andreae
1150 5310 1341 5373 atrebatensis,
1356 5308 1554 5381 gaodeportari
1568 5321 1703 5379 optauerat
1717 5350 1725 5373 ,
1739 5312 1780 5378 pie
1797 5310 1824 5360 in
1845 5306 1958 5363 Daunius

331 5390 503 5444 obdormirit.
520 5385 587 5441 iude
599 5400 692 5454 corpas
704 5384 779 5453 eius,
796 5382 1002 5437 demandauerat
1016 5419 1023 5444 ,
1036 5376 1239 5434 Claramooiiem
1252 5377 1370 5433 delatum
1384 5389 1422 5434 est
1432 5420 1439 5444 ,
1450 5389 1474 5433 et
1486 5381 1554 5434 inter
1568 5379 1617 5435 SS.
1635 5378 1777 5433 uulnerata
1788 5387 1811 5432 et
1828 5378 1959 5436 bernardi

332 5460 433 5514 altaria
456 5468 481 5512 et
503 5453 623 5524 sepulcro
638 5455 813 5509 reconditum.
826 5451 891 5507 iioee
902 5466 935 5504 ea
952 5449 1048 5504 tabella
1059 5449 1117 5519 ejus
1129 5446 1251 5516 sepulcro
1267 5462 1399 5516 appenso,
1412 5458 1581 5518 anteceniam
1593 5463 1692 5503 anuum
1715 5449 1806 5503 mortis
1827 5448 1885 5518 ejus
1906 5464 1959 5501 nan

331 5532 471 5599 designat,
491 5527 536 5580 sed
554 5528 623 5579 eirea
640 5539 740 5579 artuum
759 5519 841 5576 ··tt86
864 5536 922 5574 suut
946 5519 1040 5574 obiisse
1066 5517 1156 5589 relect.
1177 5514 1273 5569 Verum
1290 5532 1350 5570 cum
1373 5519 1395 5570 ei
1414 5519 1545 5583 scripserit
1566 5519 1666 5571 anrirrts
1694 5520 1753 5587 ejus
1779 5512 1959 5574 Gauds‘rirlut
1994 5521 1999 5529 ‘

331 5601 472 5665 epistolam
486 5597 610 5665 insignem
621 5634 628 5660 ,
639 5610 698 5663 gua
710 5600 795 5649 eastat
811 5593 880 5662 npucl
894 5591 993 5645 Barea.
1011 5588 1046 5643 ad
1061 5603 1125 5643 aun.
1141 5585 1227 5653 trau,
1240 5587 1340 5639 alienat
1354 5587 1431 5640 annis
1450 5587 1553 5644 tidelm
1564 5588 1746 5655 supersistere

1133 5773 1142 5782 s

1137 5792 1172 5810 ss
