4584 6767
308 538 352 594 idi
561 536 672 591 desta
695 537 799 594 tsutsc.
817 535 955 595 trutina.
977 534 1021 591 et·
1039 531 1161 591 abusu.
1179 533 1208 591 S.
1223 529 1348 588 ttuuut.
1362 560 1396 572 -
1415 528 1657 590 CthTthbiIiQ·
1712 601 1714 608 Ι
1864 527 1918 584 [³89

307 654 380 708 nium
401 660 428 706 ct
453 650 591 718 lttsticinm
620 650 742 720 cjttsdem
770 652 848 713 urbis
871 657 1084 721 usurpaverant,
1101 655 1122 710 Δ
1137 648 1222 704 dnues
1240 648 1406 718 irreperent.
1433 641 1571 713 ltttcrqne
1597 651 1699 696 turrem
1726 641 1820 697 Sancti
1841 640 1915 698 Pauli

308 743 385 814 pellet
411 738 543 807 titi'crrc,
560 739 655 794 urbem
674 741 793 809 obsedit,
808 757 916 797 omnent
931 743 1033 796 etenim
1049 754 1083 794 ex
1137 752 1198 793 cum
1212 736 1353 807 campanis
1367 735 1441 790 eires
1463 732 1586 787 ineditus
1606 731 1776 801 dejecerunt.
1800 730 1863 797 Qui,
1879 733 1918 819 ip-

308 836 397 898 cadem
413 834 488 902 prius
502 832 579 904 exire
591 832 758 901 compellens
771 842 799 891 ct
822 835 968 889 interdicto
982 834 1084 902 subpo·
1137 846 1230 903 quam,
1254 828 1343 885 Guide
1368 825 1513 896 episcopus
1527 823 1694 880 obsidionem
1716 823 1852 878 exercitus
1871 822 1917 877 diu

308 925 528 981 ttertscivitatetn.
540 923 597 990 Qua
614 926 730 981 durante
746 925 893 990 discordia,
907 925 991 979 umita
1009 924 1084 979 dam·
1137 925 1274 980 sustinere
1297 936 1350 976 non
1362 919 1471 983 salens‚'
1483 916 1591 971 demum
1619 915 1712 970 urbem
1731 913 1825 968 tribus
1838 911 1918 978 locis,

308 1026 355 1079 pua
366 1012 488 1067 ecclesiis
502 1021 528 1066 et
544 1015 719 1071 monasteriis
734 1023 786 1070 tam
801 1016 828 1070 in
844 1014 989 1069 mobilibus
1001 1026 1083 1082 quarn
1138 1013 1263 1070 rideticet
1279 1011 1424 1075 carniaco,
1441 1007 1534 1080 brein,
1557 1004 1754 1061 Weatronuitla
1774 1003 1842 1072 (77)·
1856 1017 1917 1057 ¹⁰¹¹·

308 1101 331 1155 iu
344 1102 471 1170 edificiis,
493 1102 565 1158 intus
585 1104 671 1172 circs,
690 1106 812 1164 exterius
825 1106 969 1177 episeopus
988 1114 1015 1161 et
1026 1119 1087 1176 pre·
1139 1105 1287 1163 unionibus
1311 1102 1428 1159 militum
1457 1100 1639 1160 circumdedit
1658 1109 1685 1157 et
1701 1097 1826 1167 tatiarit;
1844 1094 1915 1153 inira

410 1323 490 1385 opus,
510 1313 662 1365 uenerando
686 1318 759 1382 pastu
776 1319 801 1366 ct
815 1309 960 1379 imperioso
981 1308 1179 1379 quodammodo
1194 1310 1384 1378 praedominari
1401 1310 1543 1367 ridebatur
1563 1317 1691 1381 aspeetn;
1708 1308 1731 1365 si
1746 1308 1812 1379 quid
1827 1314 1916 1361 autem

411 1381 583 1434 incumbebat
598 1379 718 1447 judiciati
742 1380 948 1448 disceptandum
963 1381 1088 1435 eartmiue
1103 1395 1196 1435 coram
1211 1380 1269 1447 ipso
1292 1395 1338 1436 scu
1358 1381 1431 1436 ailntl
1444 1381 1636 1441 ortttnannnnt.
1654 1376 1876 1447 persuasionibus
1891 1384 1924 1447 et,

411 1449 563 1502 rationibus
578 1450 684 1505 taciturn
700 1466 731 1504 ac
749 1450 869 1504 sedulum
884 1449 1020 1518 praebebat
1030 1451 1199 1511 attilittttn.ct
1213 1450 1304 1507 audita
1320 1449 1485 1517 dijudicante
1501 1452 1641 1519 resolvens
1656 1451 1747 1505 animo
1761 1448 1918 1513 libransque

411 1520 514 1580 ercinia,
532 1519 599 1571 nibil
612 1535 643 1573 er
660 1519 791 1587 praecipiti
806 1518 932 1572 iaciebat.
949 1517 1025 1572 Unde
1040 1519 1110 1574 ltunc
1124 1521 1159 1573 ab
1177 1517 1242 1587 ipsis
1256 1519 1431 1575 discretionis
1443 1536 1500 1589 spa
1539 1520 1675 1575 ritunrtliis
1688 1532 1790 1573 morem
1807 1526 1917 1573 coutra-

412 1596 501 1650 xerat,
517 1596 546 1639 ιιι
565 1588 668 1654 apcntta
683 1603 731 1641 sua
753 1597 827 1641 tanta
841 1587 1045 1643 deliberationis
1061 1588 1171 1644 fornace
1196 1588 1371 1657 decoqueret,
1388 1590 1480 1644 multis
1495 1537 1546 1645 sini
1570 1593 1628 1646 ltaec
1640 1587 1837 1649 ascribentibus
1850 1582 1918 1657 leni·

411 1659 470 1720 tati,
491 1656 562 1724 quod
588 1657 736 1719 interdum,
755 1658 802 1711 sed
828 1671 903 1722 raro,
918 1657 1091 1724 dispendioso
1106 1657 1205 1726 perapt-
1224 1660 1398 1728 contingebat
1413 1662 1498 1725 erun,
1521 1676 1581 1727 quat
1600 1666 1737 1714 maturato
1758 1654 1918 1722 compendio

410 1734 555 1793 potuerant
566 1727 733 1793 expontanea
747 1726 893 1781 tieetesset
906 1728 931 1780 iu
950 1727 1065 1793 nepotiis
1077 1738 1104 1781 et
1117 1728 1196 1783 rebus
1207 1742 1338 1797 prospere
1347 1730 1473 1798 pereudts
1486 1731 1628 1785 sollicitus.
1641 1732 1687 1783 uis
1700 1736 1788 1779 tamen
1800 1737 1917 1792 tntquatu

404 1808 452 1849 *sc-
463 1794 579 1848 niarium
596 1799 801 1865 occupationum
819 1795 968 1864 frequentia
982 1804 1053 1848 tauta
1071 1796 1130 1859 luit,
1150 1797 1192 1852 cni
1208 1797 1329 1850 ditinum
1344 1800 1504 1868 obsequium
1515 1801 1579 1853 bura
1591 1800 1680 1856 debita
1700 1811 1751 1850 unu
1769 1794 1916 1861 pra-letter.
1978 1843 1981 1850 ,

413 1864 479 1919 Erat
493 1866 625 1932 siquidem
640 1866 675 1919 itti
686 1866 764 1936 quasi
778 1866 861 1919 meris
877 1866 972 1926 innati,
985 1865 1095 1932 justitiae
1108 1879 1236 1921 exercere
1250 1866 1378 1934 rigarem.
1393 1868 1583 1927 benemeritos
1598 1864 1918 1931 reattuctarepttatcttcus

417 1936 526 2002 punire,
546 1934 582 1986 ita
608 1936 679 2003 quod
707 1935 878 2004 quaudoque,
894 1948 946 1990 uon
962 1948 994 1987 ex
1011 1936 1093 2003 typlto
1108 1936 1232 1999 malitiae,
1249 1938 1344 1991 sedes
1360 1936 1419 1991 zeto
1438 1938 1563 2000 'ustitia.
1587 1940 1670 2007 virgas
1683 1934 1918 1989 mansnetmliueur

412 2004 609 2073 aliquantultnn
626 2007 789 2059 excolebat:
805 2005 944 2073 oppressis
960 2006 1087 2069 cottrpati,
1102 2006 1269 2075 supplicibus
1294 2020 1418 2075 parcere.
1443 2008 1550 2062 tomiics
1569 2008 1700 2067 exaltare,
1723 2003 1855 2071 superbos
1870 2006 1919 2055 tie·

415 2077 534 2143 pritnere
549 2082 575 2126 rt
590 2074 725 2128 debellare
742 2072 869 2138 relielles;
883 2084 910 2129 ct
928 2074 978 2126 bac
992 2071 1042 2125 init
1060 2074 1199 2145 insupcra
1215 2074 1329 2128 liotttitto
1344 2074 1476 2131 felicitate
1495 2079 1628 2138 donatus,
1644 2073 1717 2144 quod
1740 2073 1766 2125 in
1791 2073 1919 2125 omuibus

413 2159 473 2215 qna
484 2159 533 2213 pro
548 2143 650 2197 bettore
664 2143 708 2197 Dei
722 2151 748 2197 et
759 2142 867 2211 iuribus
877 2140 1054 2197 ecclesiarum
1064 2158 1176 2200 suarum
1192 2153 1392 2217 aggressusest
1408 2158 1517 2217 semper
1532 2146 1674 2203 ttctottan
1689 2140 1812 2199 dedititii
1829 2140 1920 2195 liutiti-

414 2230 466 2268 uns
476 2223 503 2267 ct
517 2213 577 2280 ejus
590 2227 672 2281 opera
687 2226 747 2265 cum
765 2213 853 2279 pratia
864 2222 891 2266 et
906 2211 998 2265 latore
1009 2210 1119 2267 direxit.
1167 2267 1170 2276 ,
1911 2223 1920 2240 ·

449 2283 570 2349 Qualiter
581 2284 648 2339 ciues
668 2278 841 2335 l'irduueuses
853 2282 1020 2351 espupuocit.
1041 2282 1117 2338 drino
1131 2284 1222 2340 :etatis
1235 2300 1291 2341 sne
1309 2287 1448 2343 tricesimo
1461 2286 1642 2353 secundaret
1658 2284 1729 2342 circa
1746 2291 1859 2341 recatus
1869 2296 1920 2347 per

419 2353 581 2430 eiectionem
607 2352 768 2406 canonicatu
782 2353 815 2405 ad
830 2351 948 2419 regimen
962 2349 1085 2408 eeclesia
1102 2351 1295 2420 virdunensis,
1309 2371 1473 2428 quamquam
1488 2359 1521 2413 de
1537 2358 1621 2427 ipsius
1641 2356 1743 2427 premio
1766 2370 1820 2409 uun
1836 2364 1919 2412 essct.

414 2435 442 2479 et
461 2424 487 2476 itt
509 2434 664 2489 episcopum
686 2429 879 2484 enumeratus,
906 2428 1013 2475 retento
1037 2422 1213 2479 nibilominus
1233 2440 1267 2479 es
1284 2425 1489 2496 dispensatione
1512 2428 1645 2481 ticcanant
1673 2424 1920 2479 Autissiodorensis

416 2493 548 2552 eeclesia),
563 2505 641 2557 quem
666 2494 740 2559 prius
761 2489 909 2554 obtinebat,
926 2489 1069 2557 intellexit,
1084 2494 1157 2561 qnod
1170 2495 1325 2550 omnimoda
1337 2496 1503 2564 iurisdictio,
1518 2496 1651 2567 spiritalis
1664 2495 1790 2549 uidelicet
1812 2502 1840 2547 et
1855 2503 1922 2545 tetu-

416 2560 526 2633 poralis‚
541 2560 659 2614 ciuitatis
676 2568 703 2614 ct
715 2561 816 2614 ciuium
832 2558 1041 2614 virdunensium
1057 2564 1090 2616 ad
1104 2566 1260 2632 episcopum
1273 2566 1434 2633 pertinebat.
1446 2575 1474 2620 ct
1493 2566 1565 2635 qttotl
1590 2566 1804 2633 praedecessores
1825 2561 1921 2615 Virdu·

417 2644 516 2687 irenses
527 2631 657 2698 episcopi,
670 2629 748 2699 louge
762 2628 905 2684 retroactis
919 2631 1098 2697 tetttporibns,
1115 2647 1177 2686 earn
1187 2633 1232 2686 ttiu
1248 2635 1360 2703 pat-ilice
1369 2636 1544 2704 possederant
1553 2635 1630 2704 pleno
1641 2635 1714 2703 jure.
1726 2633 1773 2688 sed
1787 2646 1836 2701 per
1847 2630 1922 2684 inen-

416 2704 485 2763 riam
498 2707 544 2752 ant
556 2700 740 2766 impotentiam
754 2698 923 2765 quorundam
935 2700 979 2765 qui
997 2700 1152 2755 immediate
1162 2701 1326 2772 pranserant
1340 2705 1510 2773 potttilicuut,
1528 2707 1602 2759 circs
1613 2704 1695 2758 astuti
1704 2700 1920 2772 jurisdictionem

417 2767 716 2834 ciuitatisteatporalcu
727 2776 754 2822 et
766 2767 826 2847 jura
842 2765 883 2832 epi
901 2768 1007 2835 cupalia
1025 2769 1051 2821 in
1066 2770 1159 2825 multis
1171 2780 1379 2839 usurpaverant,
1393 2788 1498 2828 necnon
1513 2773 1631 2841 tttajores
1648 2781 1675 2826 ct
1691 2770 1819 2827 scabinos
1846 2782 1923 2822 crea·

418 2845 525 2900 rorant,
540 2850 588 2906 per
604 2851 674 2905 quos
690 2839 782 2890 cariem
797 2836 894 2902 emitas
909 2838 943 2890 iis
957 2839 1123 2907 temporibus
1135 2841 1486 2911 repetuntur.imposuerant
1500 2858 1608 2912 quoque
1626 2842 1750 2910 publicas
1761 2837 1923 2895 exactiones

422 2909 578 2978 etpedagia.
592 2921 624 2959 cx
639 2906 737 2975 quibus
751 2920 781 2961 se
793 2906 984 2975 rempublicam
1003 2906 1166 2976 gubernare,
1178 2924 1324 2976 murosque
1336 2920 1363 2966 et
1376 2913 1474 2967 ntoettiu
1492 2913 1609 2967 ciuitatis
1620 2910 1769 2967 lortidcars
1783 2908 1920 2965 dicebaut.

333 2989 335 2993 ’
419 2978 522 3047 Quibus
540 2977 574 3029 ad
588 2991 664 3029 suam
679 2976 850 3045 praesentiam
875 2977 1005 3040 euocatis,
1023 2977 1090 3045 ipse,
1103 2986 1132 3029 ut
1146 2986 1206 3032 erat
1224 2982 1340 3047 prudeus
1353 2981 1454 3047 annno,
1465 2982 1612 3036 secuudum
1628 2980 1784 3037 doctrinam
1802 2991 1924 3043 evange·

416 3051 494 3104 licam
510 3047 597 3115 ptimo
617 3059 664 3113 per
688 3059 717 3099 se
731 3045 817 3113 ipsum
842 3043 868 3096 iu
884 3043 988 3099 blandis
1001 3046 1172 3101 sertuouibns
1189 3057 1217 3102 et
1230 3051 1355 3106 dulcibus
1379 3050 1526 3107 inductivis
1555 3052 1627 3122 ipsos
1647 3060 1672 3104 et
1692 3039 1839 3104 caritative
1865 3060 1924 3098 uto-

420 3119 477 3178 uruit
493 3125 519 3168 et
532 3115 649 3182 rogarit,
672 3124 698 3169 et
712 3112 882 3183 postmodum
898 3114 1023 3182 peratios
1041 3129 1154 3185 nunptios
1169 3125 1196 3172 et
1210 3120 1350 3185 sapientes
1363 3121 1506 3190 diligenter
1517 3118 1683 3191 interpellari
1700 3119 1780 3180 lecit,
1791 3122 1924 3186 qttateuus

417 3186 633 3256 jurisdictionem
647 3183 768 3237 eeclesiae
783 3184 875 3236 taliter
889 3195 1046 3253 usurpatam
1059 3196 1085 3240 et
1097 3186 1159 3252 Jnra
1169 3188 1336 3260 ,episcopatu
1350 3205 1409 3258 que
1425 3193 1620 3247 subtraxerant
1634 3230 1642 3252 .
1659 3187 1782 3244 ecclesie
1797 3185 1923 3239 restitue·

419 3276 440 3314 n
451 3266 480 3310 nt
496 3267 521 3309 et
536 3254 729 3326 praesumendis
742 3251 877 3328 similibus
889 3254 1070 3309 abstinerent:
1090 3260 1167 3322 Quod
1178 3258 1268 3313 surdis
1283 3261 1395 3316 auribus
1420 3260 1612 3326 obaudientes,
1624 3258 1731 3314 edicere
1749 3265 1922 3317 recusarunt,

329 3389 332 3394 .
418 3329 618 3399 praetendentes
638 3323 689 3376 sub
712 3322 774 3377 lucta
795 3319 938 3377 uetbornm
960 3324 1110 3388 suauitate.
1132 3326 1203 3383 sicut
1222 3330 1305 3383 uteris
1320 3340 1361 3385 est
1377 3331 1486 3400 patrie,
1509 3331 1700 3387 exeusationes
1721 3324 1883 3394 multiplices
1897 3324 1923 3377 iu

419 3395 545 3475 pretatis.
560 3394 660 3447 tteitutc
672 3392 714 3445 uia
728 3392 800 3461 regia
813 3392 969 3473 compulsus
981 3393 1139 3474 procedere,
1150 3395 1224 3467 ipsos
1235 3400 1368 3454 cattouice
1381 3401 1555 3472 pramnpuos
1567 3408 1595 3455 ct
1604 3401 1721 3469 superbo
1732 3395 1812 3451 oculo
1826 3407 1925 3461 parcre

420 3466 532 3521 mettius
547 3471 706 3537 recursantes
720 3470 1011 3517 cxcomtuuutcattotus
1022 3479 1150 3521 ttnteroue
1164 3468 1292 3537 percutit.
1303 3483 1395 3538 ptam,
1415 3470 1486 3525 sicut
1494 3467 1565 3538 iuris
1579 3479 1650 3536 erat,
1661 3469 1727 3523 atleo
1740 3472 1924 3535 aggravatam.

418 3546 448 3595 ut
473 3535 498 3587 in
518 3547 647 3604 personas
660 3532 852 3587 ecclesiastice
867 3538 993 3587 oettsurae
1016 3548 1116 3589 neruus
1136 3539 1339 3606 processibilis
1362 3538 1432 3593 ultra
1456 3554 1508 3593 nou
1524 3548 1618 3606 esset,
1639 3539 1805 3595 sustinentes
1828 3533 1926 3588 antuus
1979 3584 1985 3592 ,

417 3604 572 3667 obstinatis,
584 3612 611 3657 ot
627 3617 659 3658 es
671 3603 843 3658 correctione
861 3603 1058 3673 pertinaciores
1071 3604 1176 3671 eflecti,
1191 3607 1265 3662 ibant
1275 3609 1310 3662 ab
1326 3597 1404 3663 obice
1415 3607 1540 3664 leuiores.
1556 3608 1656 3664 Videas
1671 3617 1761 3663 antem
1775 3601 1924 3686 nequitiam

420 3677 550 3747 ipsorum,
567 3672 703 3741 inquibus
723 3678 758 3726 ab
771 3672 892 3745 antiquis
907 3673 1128 3796 proepcnitoribus
1143 3688 1224 3729 usura
1239 3685 1266 3730 et
1283 3677 1361 3732 dolus
1386 3678 1527 3747 riguerant
1542 3685 1570 3733 et
1587 3677 1726 3748 uigebant,
1742 3688 1841 3745 prmtta
1857 3672 1925 3726 tteli·

419 3745 559 3801 iteratione
579 3757 641 3796 cum
662 3744 775 3796 so'emui
790 3744 945 3811 processum
978 3743 1044 3809 cieri
1062 3744 1144 3799 totius
1159 3744 1279 3799 ciuitatis
1302 3744 1394 3800 vittam
1407 3748 1517 3809 exiens.
1532 3756 1674 3814 eteorpus
1695 3744 1797 3801 curisti
1823 3741 1925 3795 iaciens

418 3824 496 3872 extra
516 3812 592 3874 terri,
610 3813 747 3866 ciuitatem
758 3812 843 3880 ipsam
853 3821 881 3867 et
894 3812 1017 3866 botttiues
1031 3814 1154 3881 genet-ati
1169 3814 1308 3882 supposuit
1325 3815 1482 3880 interdicto,
1495 3816 1616 3872 dimissis
1626 3815 1725 3870 ibidem
1738 3810 1925 3869 sacerdotibus

417 3887 521 3955 aliquot
544 3880 730 3936 tantummodo
751 3884 783 3935 ad
808 3879 973 3950 penitentias
992 3884 1166 3936 morietuittnt
1189 3891 1217 3938 et
1238 3883 1400 3953 baptismata
1427 3886 1620 3951 parvulorum
1633 3893 1672 3939 ιιι
1686 3883 1828 3952 suspicans
1851 3880 1924 3946 quod

418 3968 512 4013 totana
532 3954 618 4021 ipsum
636 3951 754 4005 libenter
766 3951 907 4005 sittistrntn
921 3949 1028 4017 aliquod
1053 3950 1222 4017 utolirentur,
1234 3952 1257 4008 si
1275 3963 1401 4023 possent,
1416 3969 1479 4011 sese
1492 3957 1519 4010 lu
1533 3964 1622 4010 castra
1634 3964 1663 4010 et
1683 3951 1849 4007 ntunitioues
1865 3947 1926 4017 cpi·

419 4033 547 4094 scopatus
559 4023 670 4089 reecpit.
687 4018 737 4090 ipsi
754 4029 845 4075 autem
860 4035 891 4074 ea
908 4021 951 4074 bis
965 4020 1203 4089 indignantissime
1220 4025 1370 4093 prouocati,
1388 4026 1484 4094 spiritu
1501 4024 1656 4081 rebellionis
1671 4029 1819 4089 assumpto,
1832 4031 1923 4085 etspe-

421 4105 485 4152 ruut
498 4106 551 4146 ιιοιι
569 4100 643 4145 recte
655 4093 787 4158 cogitare.
802 4091 920 4161 qualiter
941 4088 1041 4158 injttste
1053 4092 1156 4159 justum
1177 4102 1287 4161 possent
1303 4095 1475 4162 opprituere3
1491 4096 1585 4164 sicque
1599 4093 1699 4149 lactum
1721 4100 1782 4149 est.
1796 4089 1867 4169 quod
1880 4087 1925 4142 dis

419 4166 535 4236 quadam
551 4160 874 4220 cottttnmndettinutoue
899 4164 969 4214 iuter
990 4173 1020 4213 se
1045 4160 1135 4215 trabita
1160 4170 1189 4216 ct
1202 4163 1292 4217 edicto
1311 4165 1419 4232 publice
1435 4166 1620 4233 proclamato,
1635 4164 1763 4217 exierunt
1785 4159 1925 4214 ctriuttem

419 4236 516 4291 arcuati
536 4233 563 4285 in
577 4230 683 4300 fragore
703 4229 786 4284 uitnio
801 4240 828 4284 et
844 4230 959 4284 tumultu
972 4235 1126 4299 pompatico
1140 4245 1235 4286 omues
1244 4245 1259 4285 a
1269 4232 1369 4302 jurene
1381 4248 1466 4304 usque
1478 4237 1512 4292 ad
1523 4248 1616 4290 senem
1627 4245 1765 4286 armorum
1780 4226 1926 4298 pesutbilcs

423 4314 451 4361 ct
466 4301 600 4357 debellare
619 4300 739 4354 ualentes
750 4339 757 4359 .
770 4313 831 4353 cum
853 4301 984 4354 militibus
1003 4300 1178 4357 conductitiis
1195 4316 1309 4356 numero
1326 4305 1409 4372 *qnasi
1428 4304 1575 4360 duodecies
1591 4303 1665 4366 mille
1686 4295 1873 4358 aestimabiles,
1891 4298 1925 4349 att

337 4433 343 4442 ⁴
421 4371 522 4437 iepram
535 4371 706 4445 episcopatus
717 4369 879 4432 uttstuudatu
890 4384 898 4431 ;
911 4370 983 4426 iuter
998 4384 1076 4439 quos.
1093 4381 1122 4424 ιιι
1134 4368 1234 4435 lentur,
1248 4372 1358 4441 quidam
1372 4373 1533 4429 ducatorum
1552 4383 1579 4426 et
1599 4372 1685 4439 major
1699 4383 1794 4426 eonem
1813 4366 1840 4419 in
1855 4368 1926 4419 riut-

422 4444 530 4520 pctitiui
547 4437 708 4509 pontiticalis
728 4438 842 4494 boueris
855 4442 964 4495 mitram
982 4440 1164 4509 episcopalem
1182 4441 1267 4510 quleae
1286 4443 1489 4512 suprapositam
1511 4440 1783 4498 epistemonicon
1804 4448 1870 4489 tero
1883 4435 1927 4489 die

422 4513 566 4592 episeopus
577 4526 637 4566 curn
658 4508 819 4583 quibusdam
832 4507 889 4565 suis
909 4512 1021 4563 armatis
1036 4512 1142 4565 exierat
1154 4510 1341 4565 Cbarttiacmn-
1349 4520 1471 4566 castrum
1489 4514 1524 4567 ad
1542 4510 1737 4581 praedandum,
1750 4516 1779 4561 ut
1793 4505 1926 4583 creditur,

423 4582 640 4657 saltuatimque
660 4592 733 4634 erues
749 4588 825 4633 extra
841 4580 979 4635 civitatem
999 4580 1170 4635 iutmiserant
1184 4579 1208 4612 '⁹
1221 4578 1408 4647 deposcerem
1425 4582 1472 4636 sed
1494 4596 1509 4635 a
1533 4584 1613 4651 tonpe
1639 4577 1763 4647 praeuisis
1781 4575 1925 4635 nostibus.

420 4656 462 4713 sui
477 4654 584 4724 generis
600 4649 806 4717 ternariumque
820 4663 873 4703 uon
888 4649 981 4720 procul
994 4649 1100 4714 aberat,
1119 4658 1146 4703 et
1162 4662 1212 4718 pre
1222 4662 1276 4716 qua
1289 4653 1478 4716 maudaverat,
1490 4650 1619 4715 coercuit
1632 4647 1656 4687 ‘l
1668 4651 1702 4704 ad
1721 4646 1807 4702 illum.
1824 4642 1927 4710 Qttilttts

422 4722 594 4795 pungi-epatis
607 4736 718 4775 numero
731 4721 838 4786 paucis.
849 4721 971 4774 uidelicet
986 4718 1330 4788 trecentis‚asstitnabititer
1344 4720 1447 4775 viriset
1457 4720 1657 4790 ttonpluribus,
1675 4727 1704 4773 ιιι
1721 4716 1860 4788 ereditur,
1876 4714 1927 4767 mi·

423 4799 486 4861 ttiae
509 4802 597 4845 tamen
618 4790 713 4859 pernis
733 4798 761 4842 et
776 4804 915 4845 artuorum
934 4788 1094 4854 innuens,
1112 4789 1328 4856 circumspectus
1350 4791 1511 4861 epiecopus,
1523 4789 1620 4846 habito
1638 4789 1712 4844 breui
1730 4782 1845 4842 consilio
1863 4796 1927 4864 eum

422 4866 676 4930 elsdctumccnpato
690 4860 875 4930 promontorio
888 4860 1104 4914 circumcludens
1118 4858 1288 4916 aduersarios
1302 4859 1362 4915 betti
1378 4860 1502 4916 indoctos
1512 4868 1540 4916 et
1557 4873 1573 4914 o
1594 4859 1683 4929 posito
1696 4856 1747 4914 soli
1762 4861 1926 4923 suppusttot.

421 4949 449 4991 et
463 4946 514 4988 tatu
527 4932 676 5001 prudenter
688 4942 768 4998 quam
784 4938 909 4996 potenter
923 4944 983 4984 cum
999 4930 1056 4983 suis
1071 4929 1185 4992 irruens
1200 4929 1227 4981 in
1247 4930 1369 4995 eosdem,
1380 4929 1560 5001 omnipotenti
1614 4943 1642 4992 o,
1656 4928 1703 4998 qui
1726 4925 1819 4982 docuit
1833 4936 1930 4976 titanos
1976 4939 1980 4946 ·

425 5020 535 5060 stttuum
551 5005 583 5055 ad
599 5001 731 5069 praelium,
747 5012 856 5053 causatu
869 5013 946 5053 suam
969 5008 1072 5067 tueri-te,
1086 5014 1139 5062 uon
1154 5007 1208 5059 um
1221 4999 1365 5055 victoriose
1380 5015 1463 5070 quam
1478 4999 1642 5056 miraculose
1652 4996 1752 5053 devicit
1768 4992 1890 5055 eosdem,
1901 4997 1930 5044 et

422 5078 443 5110 ⁸¹
458 5084 579 5130 erectum
603 5075 674 5125 tuate
688 5070 815 5123 uerticem
835 5068 1023 5134 rebellantium
1046 5069 1078 5134 in*
1093 5067 1201 5128 delictis
1214 5082 1274 5136 ¹suo
1290 5066 1398 5124 iretuitu
1420 5067 1601 5130 conculcarit,
1615 5065 1774 5136 quibusdam
1788 5064 1815 5116 in
1836 5060 1929 5129 lupam

423 5143 576 5207 conuersis,
603 5141 664 5196 aliis
686 5139 775 5210 gladio
799 5138 988 5206 corruentibus
1011 5146 1039 5191 et
1061 5141 1160 5193 ceteris
1182 5138 1269 5206 captis
1293 5138 1400 5202 ductis;
1429 5138 1536 5208 luitque
1554 5148 1697 5217 captorum
1728 5143 1858 5186 numerus
1881 5140 1929 5181 ca·

422 5219 554 5287 pientiuut
584 5213 668 5266 ιιιιιΙιο
694 5210 791 5278 tttaj0r.
818 5208 846 5280 ln
869 5222 924 5280 quo
948 5205 1075 5274 condictu
1099 5206 1276 5261 sacerdotalis
1298 5208 1442 5279 ministerii
1467 5217 1496 5263 st
1521 5203 1687 5277 ponstdcalis
1711 5200 1851 5255 modestiae
1873 5208 1927 5275 nott

424 5287 540 5348 oblitus,
569 5283 686 5336 letaliter
712 5273 814 5333 nullom
847 5276 938 5343 lusit,
966 5277 1013 5331 sed
1039 5275 1184 5330 animando
1207 5283 1236 5329 et
1258 5275 1429 5331 exhortando
1455 5290 1519 5333 suns
1545 5276 1579 5329 ad
1608 5286 1726 5344 pttssttant
1750 5263 1929 5344 bht⁸⁴⁰ffli¹⁰

424 5358 520 5424 liuguae
547 5368 629 5422 quant
646 5350 711 5420 ipsis
724 5347 847 5411 manibus
864 5346 981 5417 proiecit
995 5346 1029 5400 ad
1051 5358 1191 5414 pugnam,
1211 5344 1378 5412 obtentaque
1393 5346 1526 5412 uictoria,
1545 5344 1579 5400 ad
1599 5337 1828 5420 castrum-‚unde
1852 5344 1928 5415 cate·

424 5440 479 5491 tat,
493 5442 554 5479 curu
578 5425 677 5491 paudto
694 5433 834 5492 repressos
857 5426 908 5473 est.
924 5414 1023 5471 Paucis
1045 5424 1136 5468 autern
1160 5410 1284 5469 decursis
1301 5413 1413 5480 diebus.
1429 5416 1504 5471 cites
1526 5413 1601 5485 rirpa
1614 5417 1795 5480 copreettonts
1819 5404 1927 5466 edocti.

953 5544 1069 5604 VdeAE
1089 5542 1292 5606 esculentus,

351 5670 561 5727 ”cittiscrunti
597 5670 619 5702 ⁸⁰
639 5664 865 5751 copteuissetrd.
903 5662 1026 5716 ιιιιιειι.
1077 5726 1181 5786 Nom

355 5855 411 5924 (ll)
425 5857 540 5923 ctiorup,
557 5848 868 5915 Dieueethtrcuu‘tts,
888 5861 949 5924 quae
975 5844 1044 5901 riltae
1067 5842 1173 5906 duabus
1198 5845 1256 5903 lere
1275 5845 1359 5902 leucis
1382 5859 1401 5906 a¹
1427 5841 1546 5898 llirduno
1576 5839 1677 5897 distant
1701 5832 1933 5915 escptentrions,

320 5926 433 5989 mittis
445 5931 472 5993 et
487 5927 592 5981 oriente
616 5923 702 5980 urbis.
1042 5918 1049 5930 '
1272 5926 1274 5931 ’
1607 5962 1616 5972 .
