4584 6767
306 601 376 679 rost
915 606 1186 680 sunrrntmnnit
1209 608 1320 668 tinen.
1679 574 1683 581 ¹
1869 616 1940 675 rost

303 722 419 779 iunctus
430 737 524 778 amore
540 721 603 792 polu
618 722 756 793 gaudebat
767 725 890 801 principe
907 728 979 784 solo.
1111 730 1133 788 ii
1154 725 1219 783 lude
1232 726 1287 783 bui
1300 729 1401 785 meruit
1414 730 1536 800 paradisi
1552 732 1745 803 prosperitate.

302 813 438 886 Princeps
451 813 729 886 praeternaturale
744 831 826 887 super
839 819 932 873 omnia
944 819 1057 883 cbarus,
1150 819 1271 891 Simplex
1287 829 1315 875 ct
1328 828 1421 878 rectus
1439 822 1543 879 eoelesti
1558 822 1639 879 melle
1652 822 1781 891 relectus,

303 905 346 961 illi
360 907 484 961 solarncn
500 905 565 960 letis
580 912 641 962 erat
655 916 737 978 atque
749 908 891 979 juramen,
1149 909 1216 965 Tam
1235 911 1306 982 dape
1321 913 1427 969 carnali
1439 928 1522 983 quam
1534 913 1597 969 cibo
1616 914 1763 985 spirituali,

304 1000 337 1056 Et
351 1001 491 1057 dilectoris
505 1011 599 1057 custos
614 1011 673 1057 erat
685 1004 814 1060 omnibus
829 1004 927 1073 boris;
1150 1002 1251 1059 llnltos
1264 1004 1402 1075 pascebat,
1421 1006 1515 1062 nudos
1529 1004 1631 1062 restire
1644 1004 1781 1072 studebat,

307 1090 354 1146 l'ir
366 1092 466 1148 mentis
480 1085 589 1148 nrttrrtlae
602 1087 719 1165 gemitus
733 1096 875 1166 promebat
889 1096 1008 1165 abunde,
1148 1093 1260 1150 cbristo
1274 1095 1407 1151 reddebat
1421 1095 1496 1166 quod
1511 1095 1639 1152 Christus
1653 1096 1679 1152 ei
1700 1097 1849 1159 tribuebat,

304 1184 411 1238 Atinius
426 1193 453 1238 et
468 1184 546 1239 lutus
563 1183 694 1240 lundebat
706 1186 819 1241 Rumina
836 1186 926 1255 bcttts,
1148 1184 1246 1241 Pastor
1258 1185 1426 1253 laudandus,
1444 1187 1579 1243 mirabilis
1593 1199 1620 1244 et
1631 1188 1817 1255 uerterandus,

304 1276 399 1345 Culpa
411 1276 548 1345 culpator,
563 1278 653 1349 gregis
665 1278 937 1334 exstititaedidcatur.
1150 1277 1258 1332 Summi
1272 1278 1393 1348 pastoris
1415 1279 1478 1350 uigil
1494 1280 1642 1350 inquisitor
1658 1281 1785 1337 bonoria.

304 1365 385 1423 Pacis
401 1368 549 1437 plantatur,
569 1368 626 1424 litis
640 1369 691 1424 luit
704 1380 860 1438 evacuator,
1149 1365 1234 1439 impia
1248 1354 1373 1437 nolebat,
1385 1369 1510 1426 ditinum
1522 1371 1592 1426 nelle
1605 1371 1724 1427 volebat.

240 1466 243 1471 '
303 1458 380 1514 iuris
395 1470 529 1523 serrator,
546 1459 650 1517 lrandis
666 1461 717 1518 luit
728 1464 907 1519 annihilator.
1147 1457 1263 1517 Pectore
1280 1461 1409 1532 prudenti
1424 1463 1572 1534 plaudebat
1583 1462 1797 1535 cunctipotenti.

304 1546 381 1604 intus
397 1559 424 1604 et
438 1551 561 1606 exterius
576 1550 634 1607 beri
647 1553 763 1624 cupiens
774 1555 858 1610 itomo
869 1556 959 1611 dirus.
1149 1552 1218 1626 Regi
1235 1554 1360 1626 gloridco
1374 1556 1511 1624 psallebat
1524 1556 1606 1612 corde
1621 1556 1731 1627 pudico.
1833 1612 1837 1624 ,

306 1642 414 1699 Stantia
429 1646 580 1715 quaerebat,
595 1648 715 1704 labentia
729 1649 910 1721 despiciebat,
1149 1647 1225 1705 Patri
1240 1649 1367 1705 mirando
1381 1649 1529 1705 resonabat
1542 1658 1653 1719 pectore
1663 1647 1775 1705 blando.

305 1734 417 1792 ctrrtsto
434 1738 550 1804 virebat,
566 1741 724 1813 mundoque
738 1747 808 1799 mori
822 1746 972 1817 satagebat,
1149 1738 1216 1811 Regi
1231 1737 1329 1795 iestiro
1345 1738 1480 1809 jubilabat
1492 1746 1603 1809 pectore
1617 1740 1691 1795 rino.

305 1825 390 1898 Regia
405 1830 543 1899 captabat,
561 1848 590 1887 se
608 1835 664 1903 regi
677 1833 861 1903 sacrificabat,
1149 1830 1223 1888 Laus
1235 1830 1417 1887 Psalmatoris
1431 1845 1483 1886 roa
1497 1830 1557 1901 eins
1568 1830 1660 1887 cordis
1671 1839 1699 1885 et
1712 1831 1780 1898 oris,

305 1915 410 1973 Lucida
426 1920 550 1987 curabat,
568 1922 701 1977 rimorum
717 1924 778 1980 luce
796 1926 925 1980 micabat.
1149 1921 1175 1977 is
1189 1922 1374 1992 respondebat
1385 1921 1469 1975 menti
1484 1919 1657 1991 Donrinoque
1669 1921 1807 1991 placebat.

304 2005 395 2065 Patris
411 2012 542 2067 sedulitas
554 2014 657 2069 erroris
672 2014 743 2070 lacta
758 2017 880 2085 carebat,
1148 2010 1265 2068 liemare
1281 2012 1375 2067 diuino
1391 2010 1532 2081 perinsum
1545 2022 1640 2083 pectus
1655 2010 1787 2078 babebat,

305 2099 468 2158 llermicuta
485 2104 593 2161 bouitas
609 2105 718 2176 pietatis
731 2105 806 2179 gesta
820 2110 942 2179 gerebat,
1112 2080 1239 2161 Brittrcs
1254 2104 1364 2161 divinas
1381 2104 1474 2161 cordis
1492 2104 1613 2161 ciamare
1628 2105 1760 2177 replebat,

305 2188 431 2263 belligeri
449 2194 572 2262 probitas
584 2195 689 2251 inimici
707 2198 758 2252 tela
776 2198 890 2266 larebat,
1148 2195 1184 2251 Et
1199 2198 1289 2267 precis
1304 2196 1365 2267 ejus
1378 2196 1449 2252 odor
1462 2197 1524 2267 plus
1541 2197 1620 2254 tbure
1634 2196 1690 2255 lico
1705 2198 1856 2255 redolebat.

306 2280 428 2353 virginis
443 2286 584 2357 irrtegrtus
600 2289 762 2359 anptemnt
773 2292 846 2362 regis
860 2303 979 2350 amarat.
1149 2288 1190 2344 dd
1208 2287 1313 2344 bannim
1329 2298 1426 2345 nutum
1445 2288 1563 2345 nonina
1579 2306 1675 2361 parere
1690 2298 1835 2360 surarum,

305 2372 355 2429 llic
373 2378 461 2432 carnit
476 2378 542 2433 titio
556 2379 707 2435 tenebrosae
723 2381 901 2452 duplicitatis,
1149 2377 1231 2434 Dives
1244 2377 1352 2445 ditarit,
1369 2378 1512 2434 mimmius
1523 2379 1692 2448 mirificam»

306 2465 387 2533 eroil
405 2467 487 2523 nituit
502 2469 579 2525 radio
593 2473 748 2528 reverentia
763 2474 957 2545 simplicitatis,
1149 2466 1283 2525 Summus
1296 2469 1454 2536 bonoravit,
1473 2469 1641 2525 sublimibus
1654 2469 1859 2529 adnumeravit.

304 2558 423 2612 Credere
439 2560 555 2614 cotrsilio
571 2578 626 2616 non
641 2565 760 2620 cessarit
771 2566 892 2634 deitatis,
1148 2560 1213 2616 Flos
1228 2559 1408 2617 eremitarum
1422 2560 1530 2615 lucrum
1556 2560 1653 2616 sitiens
1667 2562 1835 2631 animarum,

304 2646 409 2703 ddectn
427 2650 512 2704 nituio
529 2652 628 2706 sociari
642 2654 811 2724 glorificatis,
1005 2639 1009 2647 ⁵
1149 2652 1228 2719 Quod
1243 2662 1323 2708 nocet
1337 2651 1477 2718 horrebat,
1490 2653 1563 2723 quud
1578 2652 1688 2723 prolicit
1700 2655 1851 2721 esuriebat,

304 2739 431 2793 Gliscens
445 2740 528 2795 eorde
540 2756 591 2797 suo
604 2743 689 2796 coluit
702 2743 794 2814 regem
809 2746 930 2815 pietatis.
1027 2793 1031 2800 ,
1149 2742 1237 2799 Noxia
1257 2744 1384 2807 vellebat,
1397 2758 1547 2814 semenque
1562 2744 1673 2800 salubre
1686 2746 1807 2802 serebat.

252 2904 255 2907 ᾗ
304 2829 406 2885 Elaios
420 2831 465 2885 illc
481 2829 532 2886 luit
546 2833 691 2889 dulcedine
705 2835 854 2904 spirituali,
1151 2840 1245 2895 Saevos
1259 2838 1405 2905 mulcebat,
1418 2837 1538 2894 lascivos
1552 2839 1730 2909 corripiebat,

304 2921 408 2977 llilitiae
424 2924 530 2979 studuit
545 2924 603 2981 lore
615 2941 730 2982 consors
742 2926 887 2998 imperiali.
1150 2928 1239 2986 Ruros
1251 2929 1387 2996 flectebat,
1403 2930 1543 2999 depressis
1555 2929 1749 2998 subveniebat;

304 3013 356 3069 lltc
372 3016 423 3071 sibi
440 3016 582 3086 displicuit
592 3019 675 3075 luxus
687 3019 795 3076 miserm
805 3021 960 3088 breuitatis,
1149 3024 1228 3090 Qtrod
1243 3023 1326 3092 lupus
1342 3022 1457 3094 urgebat
1470 3022 1503 3076 ad
1522 3022 1594 3079 urile
1609 3023 1699 3079 redire
1714 3026 1853 3093 monebat,

305 3104 384 3170 Qttod
404 3104 456 3159 sibi
469 3120 514 3159 res
533 3106 628 3161 tribuit
640 3108 681 3161 nel
697 3118 834 3179 perpetuae
848 3111 988 3167 ttoritaiis.
1150 3114 1228 3180 Quod
1243 3122 1336 3169 nranct
1349 3114 1472 3182 ardebat,
1488 3113 1623 3185 quidquid
1638 3113 1708 3186 lngit
1720 3114 1877 3188 effugiebat.

305 3194 473 3252 binltimodae
487 3198 573 3269 riguit
586 3199 694 3255 uirtutis
706 3201 859 3268 nobilitate,
1725 3219 1727 3222 ·

235 3385 237 3390 .
310 3355 1930 3397 Q

575 3536 859 3778 arnna
918 3529 1669 3693 annnnnnntnnn
1815 3531 1862 3678 ·,

840 3820 970 3935 sun
1020 3818 1400 3946 nattONbM

696 4055 1027 4172 sanast
1082 4012 1554 4168 smannens

529 4271 730 4334 institutoris
748 4268 874 4331 ordinis
890 4264 1209 4339 Grundimontensis,
1231 4265 1331 4345 vulgo
1346 4267 1511 4330 Bonorum
1526 4267 1707 4328 Hominum.

360 4393 503 4512 (llorrmes
517 4437 549 4491 de
563 4436 634 4490 attint
649 4432 770 4513 Etienrre,
785 4433 939 4485 institateur
952 4430 985 4483 de
999 4428 1096 4512 l'ordrr
1107 4429 1139 4483 de
1151 4428 1391 4511 Gruadmeat,·dat
1406 4428 1452 4483 des
1465 4428 1679 4512 Roas-iomanes·
1690 4425 1824 4485 traduiles
1838 4428 1888 4486 det

665 4519 809 4574 ortgrnaua
824 4502 859 4558 du
872 4503 944 4557 saint
955 4516 1004 4570 par
1015 4501 1118 4556 Adrten
1131 4498 1263 4574 Banasa.
1278 4496 1371 4567 Parra,
1386 4498 1466 4565 l'ld'l,
1477 4498 1581 4583 'tn-li.)

600 4809 795 4869 PROLOGUS.
1111 4817 1132 4873 C
1151 4812 1204 4868 Sed
1218 4808 1344 4883 quamvis
1363 4808 1408 4864 ille
1427 4808 1474 4878 qui
1489 4807 1542 4863 boc
1558 4807 1635 4863 robis
1649 4806 1760 4874 dixerit,
1783 4804 1883 4861 babeat
1895 4804 1940 4860 iu·

341 4910 434 4966 Multis
449 4908 539 4964 modis
556 4908 675 4962 domnus
691 4903 849 4975 Stephanus
863 4902 1014 4974 discipulos
1030 4919 1095 4960 snos
1150 4906 1279 4960 dumenta
1300 4902 1466 4975 signumque
1477 4898 1630 4971 religionis,
1646 4898 1708 4954 dico
1724 4896 1802 4951 robis
1826 4896 1941 4951 tirmiter

304 5003 439 5059 edocebat
459 5001 577 5071 qualiter
591 4999 665 5055 sede
688 4999 744 5053 rita
765 5013 814 5053 sna
832 4998 1035 5068 inquirentibus
1052 5012 1097 5052 re·
1149 4996 1223 5066 quod
1236 4996 1320 5050 vitam
1334 5010 1413 5052 suam
1427 4991 1584 5063 abnegarit,
1599 4990 1730 5061 ignorans
1744 4987 1809 5058 quid
1825 4988 1860 5044 sit
1873 4987 1940 5043 orda

305 5096 483 5165 sponderent,
500 5095 551 5150 boe
565 5094 606 5149 cis
620 5092 734 5147 dicens:
751 5109 761 5141 r
777 5090 897 5156 Fratres,
910 5105 944 5145 ne
957 5090 1094 5145 miremini
1149 5088 1195 5146 nel
1207 5089 1322 5161 Regula.
1338 5088 1389 5143 eut
1406 5101 1456 5141 ros
1470 5085 1523 5141 boc
1538 5082 1621 5138 nmdo
1635 5080 1817 5151 respondete:

304 5188 327 5244 si
341 5171 494 5241 nonnullis
511 5186 564 5241 rita
578 5193 680 5250 restra,
697 5181 903 5253 majoribusque
918 5181 1095 5248 dissentiunt,
1348 5174 1540 5233 RESPONSlO
1558 5171 1739 5229 restabat.

304 5277 528 5350 quandoquidem
542 5277 577 5331 ab
595 5291 628 5331 co
648 5275 722 5345 quod
740 5274 778 5328 illi
792 5281 885 5328 tenent
905 5273 1055 5341 dissidetis,
1070 5281 1098 5329 ct
1189 5290 1199 5323 r
1217 5267 1444 5339 Quandoquidem
1456 5266 1540 5320 vitam
1556 5273 1679 5320 nostram
1698 5277 1730 5318 ac
1745 5273 1836 5316 mores
1847 5274 1927 5329 repre

305 5390 359 5429 non
375 5372 459 5427 vultis
472 5387 521 5427 eos
535 5370 613 5441 sequi
630 5369 657 5423 in
674 5370 727 5425 boc
737 5367 811 5439 qnod
829 5364 944 5422 iaciunt.
957 5365 1028 5432 Quid
1045 5365 1097 5438 igi·
1150 5361 1282 5428 benditis,
1297 5356 1433 5415 ostendite
1448 5356 1528 5411 nobis
1543 5356 1571 5410 in
1587 5367 1644 5426 quo
1657 5372 1665 5409 ι
1677 5362 1705 5409 et
1721 5353 1837 5408 libenter
1849 5366 1942 5408 emen*

303 5474 350 5523 tar
363 5480 412 5521 ros
423 5466 457 5521 de
475 5465 529 5520 illis
544 5462 736 5520 admiremini?
752 5475 767 5515 a
782 5458 891 5516 eatenis
906 5474 971 5515 nero
988 5458 1099 5529 religio·
1150 5453 1288 5520 dabimus,
1305 5452 1329 5507 si
1345 5448 1510 5506 auctoritate
1528 5445 1686 5518 evangelica
1704 5444 1854 5500 nobishoc
1870 5442 1943 5499 iudi·

303 5560 342 5615 sis
357 5559 470 5613 minime
484 5557 634 5629 requiritur
647 5571 729 5627 qnam
744 5553 876 5626 Regulam
895 5562 1015 5610 teneant.
1028 5551 1096 5607 Nam
1149 5560 1213 5601 care
1226 5543 1349 5615 potestis.
1362 5539 1474 5607 Deinde,
1485 5539 1595 5606 tratres,
1612 5537 1634 5594 si
1649 5536 1793 5592 conlestim
1806 5535 1851 5590 ille
1862 5534 1940 5591 nobit

302 5650 497 5705 restituentur„
521 5648 625 5704 indicae
648 5649 682 5703 ie
709 5646 885 5717 quibusdam,
911 5644 957 5700 isti
982 5650 1048 5700 suut
1070 5644 1096 5698 in
1150 5650 1206 5692 raon
1221 5631 1394 5705 respoudeat,
1415 5628 1527 5699 incipite
1546 5629 1572 5684 ei
1598 5627 1766 5683 mentionem
1789 5625 1937 5682 facerere-

302 5740 407 5809 Regula
431 5741 520 5807 sangii
543 5740 699 5812 Augustini,
723 5748 750 5796 et
773 5741 808 5795 aii
832 5740 865 5795 iis
891 5745 999 5793 tenetur
1023 5734 1097 5792 ordo
1153 5738 1271 5786 strarum
1287 5724 1492 5780 institutionum
1515 5720 1568 5776 boc
1583 5719 1665 5776 modo
1679 5715 1825 5790 :Numquid
1848 5724 1939 5786 pastor

302 5845 390 5890 sattrctr
402 5834 553 5893 Bencdrcn.
569 5835 673 5907 ltaque,
690 5833 802 5900 iratres,
817 5849 832 5888 a
853 5832 948 5888 multis
962 5829 1040 5887 vobis
1053 5826 1097 5882 di·
1153 5832 1246 5878 noster
1258 5830 1370 5893 propter
1384 5820 1437 5875 lroc
1450 5816 1559 5872 excedit
1574 5815 1711 5890 ordinem,
1732 5812 1774 5867 rel
1798 5808 1940 5913 Regulam.

303 5938 400 5985 nerui:
418 5929 531 5986 Novitas
546 5939 589 5985 esi
613 5930 665 5985 boc
687 5927 790 6000 quoii
807 5925 885 5981 iobis
905 5931 1030 5987 parsurm
1046 5935 1097 5977 nec
1153 5914 1216 5985 quia
1231 5911 1418 5985 permanendo
1431 5909 1589 5965 inclaustro
1607 5922 1660 5964 suo
1673 5920 1768 5961 curata
1782 5911 1862 5975 gertt,
1877 5915 1939 5956 cum

303 6031 347 6080 est
370 6023 449 6094 aido,
473 6038 524 6080 nec
542 6022 635 6095 riguis
661 6022 806 6078 docturum
827 6014 929 6076 ,aricia
956 6001 1095 6072 deuteria.
1131 6005 1290 6078 >estimonio
1313 6003 1413 6061 divina
1439 5998 1544 6073 gratia,
1562 6000 1718 6055 animarum
1743 5993 1944 6071 discipulorum
