4584 6767
324 653 377 712 ns
583 695 586 699 .
688 594 698 618 ’
802 631 943 706 nntuuni
957 646 986 704 s.
1009 627 1312 705 etonaurittsoo.
1334 642 1488 705 nonacm
1907 640 1958 696 rto

283 743 285 748 λ
322 770 396 825 enim
406 766 512 835 piorum
527 779 603 835 pura
617 773 681 821 sunt
693 764 775 830 bonan,
789 778 848 834 quaa
861 761 986 817 trontines
997 759 1111 824 lateant,
1126 759 1212 822 brit,
1236 758 1303 815 Nam
1324 759 1391 816 dare
1414 769 1527 828 operatu
1550 762 1708 811 sanctorum
1734 752 1859 810 laudibus
1874 751 1960 808 clarae

324 860 380 915 ltro
395 856 541 913 manifesta
560 865 633 913 sunt.
649 854 766 911 Proinde
783 854 949 910 credendum
966 861 1024 919 est,
1039 850 1112 919 qnod
1163 849 1316 931 sedulitatis
1331 858 1391 915 est;
1408 864 1459 905 uec
1472 847 1580 904 carebit
1596 846 1708 917 praemio
1725 846 1840 902 devotus
1861 845 1959 904 lausta-

249 959 252 963 ·
322 951 367 1020 par
388 948 561 1005 conversatio
591 945 714 1002 molieris
740 944 792 1000 boc
815 944 961 1010 meruerit,
985 951 1014 999 ιιι
1037 944 1111 998 circa
1164 955 1217 1012 tor,
1229 944 1251 1001 si
1267 944 1337 1016 ejus,
1352 958 1432 1014 quem
1447 942 1550 1007 laudat,
1566 930 1740 997 sedutns'ttat
1754 938 1889 994 imitator.

323 1041 397 1096 ltlatn
417 1040 503 1113 prisci
518 1046 666 1096 novaretur
683 1037 774 1094 sarculi
791 1036 971 1101 nriraeolnm,
987 1052 1042 1107 qtto
1059 1045 1113 1092 tres
1198 1035 1274 1095 luter
1285 1034 1442 1091 lleinrieunr
1457 1034 1627 1104 episcopum,
1638 1031 1684 1101 qui
1696 1031 1888 1102 suprascripto
1900 1046 1961 1086 snc-

324 1147 424 1204 pneros
446 1130 484 1187 nil
505 1130 615 1204 penitus
636 1128 723 1196 laesit,
745 1128 801 1184 inno
831 1128 991 1183 clarificavit
1016 1127 1113 1183 lornar
1164 1136 1296 1193 cesserat,
1310 1125 1452 1191 llberooi,
1465 1134 1493 1183 et
1503 1124 1630 1181 comitem
1644 1122 1862 1202 Natnurcensetn
1873 1122 1959 1179 llein·

324 1224 526 1282 Chaldaeorum.
1165 1220 1251 1276 rieurn
1266 1234 1363 1291 graves
1380 1219 1531 1275 inimicitie
1547 1216 1697 1273 alectiosis
1716 1224 1779 1272 euru
1801 1217 1961 1273 hominibus

357 1309 546 1379 Conjieiebaut
561 1318 650 1366 tannen
665 1309 786 1379 plurimi,
800 1318 927 1366 sanetum
943 1308 982 1365 ilii
1000 1308 1115 1364 llartlto·
1165 1313 1297 1378 contlatae,
1313 1311 1349 1368 ita
1373 1320 1401 1367 nt
1425 1310 1603 1384 plurimomnt
1630 1308 1785 1380 indigerent
1807 1308 1858 1364 sibi
1882 1309 1961 1362 daro-

325 1401 450 1456 ltttunum
472 1400 599 1471 praesidio
614 1399 747 1468 adfuisse,
761 1402 805 1458 cui
827 1402 1115 1473 summoperedesota
1166 1419 1264 1461 norum
1289 1404 1459 1459 incommoda
1481 1400 1680 1472 direptionibus
1693 1407 1777 1470 atque
1796 1414 1961 1455 conerema-

322 1493 521 1559 cxisteret,ad
537 1494 739 1564 eulttsquoque
759 1494 904 1551 eeclesiam
928 1503 991 1550 ante
1012 1494 1115 1565 aliquot
1166 1496 1286 1551 tionibus
1311 1494 1435 1550 siliarum
1461 1507 1509 1548 sen
1539 1491 1736 1554 ecclesiarum,
1758 1498 1786 1544 et
1817 1489 1961 1544 ltontinnnr

228 1601 232 1606 ·
323 1587 385 1640 tties
399 1584 517 1656 pallium
535 1584 691 1642 obtulisset.
714 1585 770 1643 Nec
793 1586 918 1657 equidem
940 1588 1029 1643 nrinus
1051 1589 1114 1643 reti·
1166 1588 1292 1657 utrinque
1313 1585 1434 1641 casalibus
1454 1583 1593 1639 sevirent.
1612 1579 1653 1635 Ad
1671 1590 1840 1651 postreruutn
1864 1580 1982 1658 decer-¹

323 1677 460 1745 mnndum,
484 1677 556 1747 qnod
572 1677 659 1749 ignis,
681 1692 744 1734 etant
767 1678 801 1734 ad
823 1678 969 1750 quamdam
993 1679 1114 1749 ejttsdem
1166 1693 1233 1737 nere
1248 1676 1320 1733 bello
1337 1690 1429 1734 conres
1443 1690 1497 1731 uon
1512 1683 1555 1729 est
1568 1671 1691 1737 seritur,
1713 1671 1892 1742 equitumque
1906 1669 1962 1729 col-

326 1769 442 1842 apostoli
461 1768 598 1826 officinatur
609 1757 822 1842 circumquaque
841 1771 1011 1843 tempestatis
1028 1773 1116 1829 instar
1166 1770 1237 1827 lecta
1249 1770 1423 1841 peditumque
1431 1782 1512 1823 rnanu
1521 1765 1711 1824 bttdetertnaru
1723 1763 1855 1828 accessit,
1867 1763 1960 1817 sillam

323 1860 462 1919 sariendo
482 1863 668 1933 pervenisset,
687 1873 802 1935 repente
820 1864 983 1923 conciderit.
1002 1865 1116 1921 Attolle-
1165 1878 1250 1937 penes
1265 1862 1367 1919 llosam
1379 1860 1491 1916 flurium
1504 1859 1604 1925 sitatn,
1618 1866 1713 1914 contra
1732 1871 1813 1928 quern
1827 1856 1962 1928 processit

324 1953 428 2009 liariter
448 1953 586 2009 interdurn
616 1955 718 2011 cumuli
748 1943 919 2011 flammarum
945 1954 1019 2011 velut
1043 1955 1116 2011 indl-
1158 1951 1780 2027 ·episcopus,lieetequitumntiuorenumero.
1794 1948 1962 2005 Leotlienses

325 2054 441 2115 grantes
457 2044 496 2102 lbi
507 2044 670 2114 subsistere,
685 2054 714 2102 et
728 2046 875 2135 edileimn
887 2048 1016 2103 inuadere
1029 2048 1117 2104 'certa-
1133 2047 1243 2159 1‘euim
1256 2030 1444 2117 lloieusesque
1459 2044 1534 2101 eires
1553 2044 1617 2099 dutn
1635 2042 1723 2099 classe
1745 2041 1961 2125 processissent,

244 2185 247 2189 Α
325 2136 478 2219 ltsrrtased
493 2136 520 2201 itt
534 2143 622 2201 semet
640 2137 843 2206 relabebantur,
856 2138 904 2195 sed
918 2139 1117 2198 minuebantur.
1171 2133 1977 2216 ntetusttsepiseoposneadrersariorurnillosequltstna¹

322 2227 395 2285 llam
410 2228 546 2299 gloriosus
564 2228 609 2286 ille
626 2231 809 2302 suspendentis
824 2215 907 2303 aquas
918 2231 991 2302 filins
1010 2233 1120 2289 merito·
1171 2232 1334 2295 incursaret,
1348 2229 1426 2301 sequi
1441 2244 1496 2286 non
1513 2228 1630 2286 distulit.
1643 2226 1681 2291 Ea
1695 2233 1852 2299 protentos
1864 2240 1961 2299 pereae

324 2333 386 2374 rum
400 2334 448 2376 eos
463 2318 574 2380 fluentis
590 2321 793 2393 restinguebat3
815 2336 866 2377 nee
884 2321 920 2377 ibi
940 2322 986 2391 lus
1013 2322 1120 2393 pericu·
1170 2322 1253 2379 sitats
1265 2330 1407 2391 equestres
1418 2333 1565 2392 aggregare
1575 2319 1670 2389 copias
1681 2317 1770 2374 misus
1784 2324 1959 2379 occurrerat.
1973 2388 1975 2393 Ι

325 2410 381 2479 lunt
401 2411 514 2482 insinuit,
531 2398 578 2467 ubi
597 2427 627 2469 se
645 2420 789 2484 patronum
808 2412 1021 2469 bartholomaeus
1035 2413 1117 2469 exlti·
1171 2411 1223 2468 Sed
1249 2411 1345 2485 procul
1369 2410 1453 2467 dubio
1481 2411 1606 2474 cbristus
1632 2419 1779 2481 martyrem
1801 2392 1881 2466 suurn
1909 2408 1962 2466 boc

324 2499 396 2565 nuit.
1169 2505 1251 2560 etiarn
1263 2505 1413 2561 destinarat
1429 2505 1568 2576 triumplso
1582 2502 1745 2573 glorilleare.
1886 2563 1890 2568 ,

362 2588 531 2663 Frequentes
545 2600 678 2662 praeterea
699 2599 790 2648 motus
806 2606 838 2649 ae
858 2593 959 2659 turbas,
976 2604 1003 2650 et
1024 2595 1058 2651 ab
1080 2594 1118 2650 si·
1205 2595 1342 2652 Kalendas
1369 2596 1502 2667 siquidem
1524 2593 1690 2651 Februarias
1710 2607 1772 2649 cnm
1791 2601 1906 2651 armatae
1932 2591 1960 2648 in

324 2683 413 2748 uariis
425 2683 671 2753 Arduenuensilrus
691 2686 798 2746 lurtire
817 2687 1004 2765 aggressiones
1019 2673 1117 2744 'etcae-
1168 2703 1287 2760 pugnam
1310 2688 1387 2744 acies
1407 2685 1636 2752 concurrissent,
1664 2694 1741 2764 tanto
1761 2693 1873 2756 repente
1897 2700 1962 2763 pars

243 2817 248 2855 5
325 2774 525 2856 des,aliaqne
552 2775 655 2848 passltn
683 2786 785 2838 nostre
815 2777 919 2833 ciuitati
946 2779 1117 2836 incommoda
1170 2779 1289 2835 bostium
1315 2787 1427 2850 stupore
1450 2778 1558 2850 alligata
1573 2787 1615 2834 est
1638 2788 1668 2831 ut
1687 2790 1717 2832 se
1741 2776 1880 2832 imbellem
1902 2777 1961 2849 ipsa

245 2939 247 2944 .
327 2877 393 2924 tune
403 2867 537 2939 obtigere.
551 2867 627 2935 Quod
645 2869 751 2926 seilicet
769 2870 910 2926 leontinum
933 2884 1036 2942 genus,
1054 2887 1117 2927 curn
1169 2873 1411 2942 stuperet,etiatn·
1424 2871 1491 2941 ipsis
1505 2870 1706 2941 quodammodo
1728 2868 1789 2925 telis
1808 2869 1842 2923 ad
1856 2868 1962 2926 lerien-

326 2974 356 3017 sc
373 2958 542 3026 potissimum
554 2958 673 3016 latibulis
689 2969 796 3016 tueatur
810 2960 955 3029 siluarum,
970 2963 1118 3033 itnpunita·
1169 2964 1233 3018 dmn
1251 2961 1427 3017 tardioribus.
1441 2960 1524 3017 Primi
1540 2970 1641 3033 ergoet
1655 2959 1734 3017 electi
1750 2973 1844 3015 eorum
1854 2958 1962 3031 equites¹

218 3043 224 3054 '
325 3057 436 3117 tetttque
454 3046 658 3104 difficultatibus
671 3059 823 3119 aucupetur
837 3051 955 3135 uiarum,
971 3051 1116 3121 plurimum
1169 3052 1265 3122 deiecti
1293 3063 1319 3109 et
1334 3054 1406 3122 eapti
1430 3060 1512 3117 sunt,
1529 3052 1598 3122 lnge
1618 3051 1710 3107 caeteri
1734 3050 1912 3119 consuluere,
1928 3062 1958 3107 et

326 3154 521 3209 sortrrunqttam
542 3154 658 3207 nocere,
674 3155 726 3196 uon
743 3139 822 3198 laeile
837 3155 901 3199 tero
921 3143 1116 3218 circumueniri
1167 3146 1266 3216 quibus
1282 3144 1403 3211 nonnulli
1420 3142 1463 3198 rel
1477 3141 1593 3198 sauciati
1608 3140 1650 3196 uel
1665 3141 1866 3211 eomprclteusi.
1879 3140 1960 3207 Pedi·

326 3240 374 3299 apt
391 3231 507 3302 ⁰l²l²l³mi
523 3240 621 3303 potest.
1170 3245 1210 3292 tes
1225 3248 1273 3291 aut
1286 3232 1433 3291 concidere
1446 3234 1538 3302 lerro,
1554 3242 1601 3289 aut
1616 3234 1725 3289 tnniltus
1740 3233 1871 3289 abstracti
1886 3240 1961 3296 snru,

511 3397 520 3405 μ
634 3322 750 3400 CAPUT
765 3325 809 3384 lll.
1168 3327 1220 3383 nisi
1235 3342 1304 3397 qnos
1320 3325 1418 3396 pedtttn
1441 3325 1556 3381 saluauit
1568 3322 1709 3381 velocitas.
1732 3322 1880 3378 litterirnur
1893 3337 1960 3394 ergo
2003 3363 2011 3378 .

362 3413 466 3483 tttpsts
483 3424 544 3488 post
566 3414 624 3472 ltaee
639 3417 746 3475 duobns
766 3418 826 3489 lere
840 3434 937 3488 annus,
962 3421 1152 3489 uenerabiles:
1170 3418 1298 3474 Ecclesiae
1313 3416 1433 3486 glorioso
1450 3430 1599 3480 successu,
1615 3427 1702 3484 oeque
1715 3397 1872 3469 dubitamus
1888 3413 1960 3480 arci·

325 3506 454 3578 ttttltrlt
469 3520 567 3578 eorpus
588 3508 613 3563 iu
636 3509 889 3587 cryptn,subaltarl
909 3512 937 3568 S.
956 3512 1113 3581 Trinitatis,
1168 3511 1242 3567 disse
1256 3508 1334 3581 quasi
1359 3508 1522 3565 miraculum
1543 3508 1640 3566 abeo.
1656 3507 1762 3563 Etenim
1785 3506 1848 3562 durn
1862 3506 1962 3561 adrem

324 3595 430 3668 lpgenti
451 3612 512 3665 etttn
527 3598 612 3670 gloria
637 3608 664 3656 et
685 3602 788 3657 honore
813 3618 860 3659 xtv
884 3602 944 3675 tint.
971 3604 1116 3673 lanuarias
1167 3602 1247 3659 soriis
1272 3616 1322 3658 trec
1350 3601 1449 3657 tiriunr
1472 3601 1576 3671 eopia,
1599 3614 1651 3656 oce
1675 3612 1813 3654 arrttoront
1844 3596 1961 3653 deluerit

317 3697 369 3744 *est
389 3688 555 3757 relocatum,
574 3705 622 3762 per
645 3691 697 3747 ltoc
720 3692 824 3749 scilieet
847 3696 978 3766 temporis
997 3699 1115 3769 spatium
1167 3695 1346 3767 experientia,
1360 3694 1429 3749 adeo
1442 3701 1471 3748 ut
1490 3693 1579 3749 securi
1601 3693 1722 3749 victoriae
1746 3692 1824 3749 lones
1850 3706 1963 3762 qnoque

327 3789 384 3851 qna
395 3781 497 3842 feretro
509 3797 590 3852 quanr
609 3785 758 3850 secretario
775 3786 887 3852 eodem,
908 3771 979 3852 auro
993 3774 1026 3846 ae
1040 3806 1116 3862 gern-
1168 3788 1266 3858 quibus
1282 3786 1484 3857 gaustrttrerent
1508 3788 1596 3841 uictos
1617 3785 1804 3856 deportarint,
1830 3801 1865 3841 ne
1890 3799 1961 3841 attus

223 3911 231 3921 .
328 3872 391 3937 stris,
407 3880 463 3927 ιιιιιι
476 3882 503 3927 et
527 3873 641 3946 lapideis
658 3884 814 3933 extrorsum
837 3878 977 3946 tabulatis,
992 3883 1117 3953 superio·
1169 3889 1258 3936 tannen
1284 3877 1534 3940 ecclesiasticorum
1548 3887 1595 3934 aut
1616 3877 1774 3936 volneratus
1793 3887 1841 3936 aut
1863 3888 1960 3952 captus

326 3978 388 4024 runt
401 3963 566 4035 triumphum
590 3981 705 4037 operosa
724 3968 979 4037 representantibus
996 3973 1117 4045 sculptu-
1168 3980 1220 4030 est.
1896 4041 1898 4045 .

325 4069 369 4125 ra,
380 4053 512 4125 praeclare
526 4055 677 4113 adornatis.
691 4056 831 4112 Sancitutu
846 4059 958 4130 iusuper
970 4062 1116 4135 episcopali
1211 4064 1295 4138 igitur
1305 4065 1422 4121 uictores
1434 4063 1496 4135 quia
1519 4072 1664 4135 parcerent
1679 4063 1771 4131 sistis,
1793 4071 1821 4121 et
1841 4064 1960 4120 moritus

324 4157 368 4214 est
390 4146 572 4214 auctoritate,
599 4147 717 4218 idipsum
744 4148 865 4206 Ecclesia
890 4150 1032 4211 Leodiertst
1054 4170 1117 4228 pro·
1170 4155 1234 4228 qnia
1262 4156 1407 4213 celebritas
1433 4155 1549 4212 instaret
1573 4163 1676 4212 sanctas
1710 4156 1757 4230 liei
1789 4155 1958 4225 Gettitricis,

325 4240 419 4311 raptate,
433 4248 464 4297 ιιι
480 4256 506 4296 ιι
531 4239 714 4314 Kalendarum
733 4240 866 4299 liniarum
880 4242 1001 4312 ejtrsdetn
1020 4247 1116 4303 trium·
1166 4251 1269 4308 omissa
1287 4248 1448 4322 fngientium
1461 4252 1647 4315 insecutione,
1664 4248 1818 4319 trioutpltali
1832 4259 1894 4305 cour
1907 4249 1958 4303 tri·

324 4333 391 4405 ptri,
408 4348 514 4402 ιιιιιιοιι
528 4341 556 4390 et
582 4334 770 4407 translationis
784 4337 858 4408 (quia
878 4336 950 4394 idenr
966 4349 1069 4411 martyr
1083 4341 1117 4396 de
1167 4341 1249 4413 pudic
1273 4341 1367 4395 tnsm
1393 4340 1511 4413 regressi
1537 4350 1611 4397 sunt.
1628 4338 1675 4397 Sic
1696 4339 1774 4395 lloab
1793 4338 1854 4405 ille,
1880 4338 1959 4411 cttJtrs

325 4424 453 4497 trajecto
480 4426 508 4483 iu
532 4424 663 4483 Leodiurn
688 4436 731 4494 est
751 4428 911 4500 translatus)
934 4428 1064 4488 solemnis
1088 4432 1115 4488 iu
1167 4435 1271 4490 audivit
1286 4432 1405 4489 Ecclesia
1419 4418 1596 4504 superbiam,
1613 4431 1686 4504 quod
1698 4432 1831 4502 superbus
1849 4430 1884 4487 sit
1899 4432 1960 4485 ral-

291 4550 298 4560 ι
325 4525 464 4587 posterum
478 4526 577 4589 agatur
594 4518 738 4583 memoria,
751 4520 879 4590 quoniam
894 4536 921 4588 qs
943 4521 1001 4577 liat.
1016 4522 1116 4580 lanua·
1167 4526 1213 4592 de,
1226 4514 1331 4581 ira'etns
1346 4524 1456 4598 quidem
1468 4533 1511 4582 est
1526 4524 1625 4591 armis,
1640 4524 1687 4580 sed
1701 4538 1755 4581 non
1770 4522 1877 4580 lraetus
1895 4524 1958 4579 arti·

234 4639 237 4643 -
326 4605 359 4673 rii
384 4604 441 4675 ipsa
468 4605 594 4676 ptlnitus
616 4609 758 4681 translatio
783 4609 854 4664 iacta
869 4650 877 4677 ,
893 4626 927 4680 eo
941 4612 985 4667 die
1006 4623 1118 4684 prepter
1168 4617 1231 4681 mis,
1244 4617 1372 4686 quoniam
1397 4615 1526 4684 superbia
1550 4614 1609 4686 ejus
1622 4623 1650 4672 et
1664 4614 1823 4687 arrogantia
1837 4615 1910 4686 ejus,
1931 4623 1959 4671 et

326 4694 460 4765 borttiuiei
486 4695 589 4753 Natalis
609 4699 729 4772 vigiliam
753 4701 842 4758 debita
866 4717 920 4772 non
939 4701 1032 4773 pos'set
1046 4707 1117 4763 cete·
1168 4707 1318 4778 indignatio
1333 4706 1405 4778 ejus,
1421 4708 1482 4777 plus
1496 4722 1579 4779 quant
1593 4704 1809 4776 tortitudoejus.

325 4786 400 4859 brari
413 4787 634 4856 honorificentia.
646 4789 713 4858 Quae
723 4790 852 4863 nimirum
866 4792 984 4879 qualiter
995 4810 1010 4849 a
1021 4807 1118 4853 saneto
1133 4768 1156 4825 ὓ
1204 4796 1243 4854 Tu
1258 4814 1340 4869 porro
1359 4799 1480 4863 humilis,
1506 4799 1641 4871 gloriose,
1658 4808 1686 4853 ιιι
1708 4807 1813 4870 snartpr
1827 4796 1958 4856 victorio·

327 4880 363 4953 pit
381 4878 503 4949 liuberto
514 4881 606 4937 divina
622 4883 687 4938 olim
701 4885 888 4942 admonitione
905 4896 1037 4957 peracta,
1052 4899 1117 4960 quot
1167 4907 1212 4959 se,
1227 4892 1270 4948 cui
1286 4890 1399 4949 tloribns
1413 4892 1565 4964 gratiarum
1581 4902 1610 4949 et
1630 4892 1741 4948 lauduno
1756 4892 1850 4965 scripti
1876 4892 1959 4961 hujus

326 4982 356 5031 et
373 4974 483 5045 quantis
500 4975 631 5032 virtutum
645 4976 731 5049 signis
742 4985 806 5032 tune
821 4979 1009 5036 mirificaverit
1027 4980 1117 5038 borni·
1166 4996 1295 5047 coronam
1308 4982 1524 5054 qualemcunque
1541 4981 1624 5048 texui,
1647 4982 1738 5038 onmia
1755 4981 1808 5037 tuis
1828 4980 1959 5054 supplici·

224 5071 227 5076 '
326 5077 621 5142 ttttssaqetumsuum,
641 5071 704 5140 quia
726 5070 1003 5143 reperituranrultis
1024 5074 1118 5130 molti·
1167 5075 1218 5131 bus
1233 5074 1407 5130 adversantia
1419 5073 1527 5137 inuictae
1540 5088 1622 5141 manu
1634 5073 1819 5141 utiserationls
1830 5072 1957 5137 exclude,

325 5158 406 5216 ruttcle
427 5161 630 5237 couscriptum,
650 5162 737 5219 risum
752 5177 820 5220 meae
842 5170 884 5221 est
909 5164 1117 5236 partitatiinde
1166 5168 1297 5239 nutuque
1319 5168 1467 5239 respiciens
1489 5183 1589 5225 sereno
1613 5168 1675 5223 ride
1701 5167 1828 5249 etrlsita
1848 5166 1957 5223 rineaor

326 5249 426 5309 trabere
439 5251 588 5310 silentium.
603 5254 734 5312 Attesere
749 5269 814 5312 uero
835 5263 1016 5326 opportunum
1033 5271 1114 5325 reor,
1168 5260 1326 5319 Lcodtensis
1340 5262 1490 5328 Ecclesiae,
1504 5271 1604 5332 tuoque
1622 5262 1763 5330 irrtgatatn
1777 5259 1911 5332 sanptine
1930 5266 1958 5314 et

325 5340 443 5412 qualiter
470 5361 542 5403 anno
566 5361 675 5420 quoque
700 5346 735 5403 ab
760 5347 948 5405 lucarnatione
975 5348 1114 5406 {lominica
1168 5353 1342 5409 lecuudatam
1356 5353 1648 5423 corporesnotnmora
1672 5354 1778 5411 alarum
1793 5359 1903 5407 tuarum
1923 5351 1957 5407 ab

327 5427 408 5497 1153,
426 5433 513 5491 uirtus
527 5442 653 5511 ntanyris
666 5457 729 5514 erga
750 5456 815 5499 stass
833 5439 996 5499 Leodienscs
1009 5442 1116 5499 clarite·
1167 5444 1259 5515 impiis
1272 5452 1355 5517 atque
1370 5444 1551 5515 affligentibus
1565 5446 1737 5503 aeternaliter
1749 5453 1872 5517 protege.
