4584 6767
908 614 1051 672 liElNElll
1070 614 1099 671 S.
1121 576 1310 671 menania
1330 611 1431 669 teob.
1453 607 1606 670 mouscin

913 808 1205 899 ursaceus
1238 771 1520 897 suarius.

645 1020 761 1080 carot
776 1002 998 1078 buteoti·
1199 999 1264 1057 Ᾰ
1237 1034 1277 1072 rns
1291 1034 1364 1071 ntons
1376 1027 1400 1072 et
1421 1016 1515 1071 irrsaiae
1529 1017 1562 1073 de
1577 1013 1660 1071 iocis
1657 1016 1713 1073 suis
1730 1017 1911 1085 mobebuntur,
1928 1021 2034 1089 quando

424 1118 557 1185 Quosdam
580 1133 633 1171 non
657 1128 695 1171 est
721 1131 814 1169 nonrsn
837 1113 911 1167 aliud
933 1113 980 1166 sub
1005 1111 1068 1189 coela
1090 1112 1182 1164 datum
1236 1117 1432 1177 rsperterraer
1448 1109 1589 1177 principes,
1603 1107 1782 1175 ettribuni,et
1795 1108 1901 1174 diuites,
1908 1109 2036 1179 atlantes,

386 1211 553 1273 bominibus,
577 1211 605 1263 ln
631 1223 682 1279 quo
708 1213 827 1277 oporteat
844 1203 990 1259 nossaloos
1014 1203 1088 1271 peri,
1103 1217 1183 1273 guam
1237 1200 1455 1254 etomnisseruus
1470 1210 1494 1253 et
1510 1180 1744 1254 liberabscondent
1759 1216 1787 1254 se
1809 1201 1838 1255 in
1860 1201 1992 1270 speluncis
2012 1216 2037 1261 et

387 1318 480 1356 narsen
496 1299 588 1355 Patres
598 1309 621 1354 et
634 1298 700 1352 Frln
715 1306 739 1352 rt
753 1296 868 1366 Spiritus
881 1296 966 1350 sancti
980 1294 1051 1364 (Act
1068 1295 1118 1363 ru),
1127 1293 1183 1348 iroc
1234 1294 1315 1362 petris
1329 1292 1469 1357 montrum
1485 1302 1507 1345 rt
1519 1293 1606 1347 clarent
1629 1292 1760 1347 montibus
1775 1301 1800 1347 et
1815 1295 1920 1362 petris:
1940 1296 2035 1355 Gadita

388 1390 583 1447 uenerabiliter
605 1387 749 1458 amplecti,
768 1386 944 1456 frequentare
966 1385 1148 1449 omnimodis,
1166 1398 1183 1438 o
1235 1400 1382 1454 supernos
1404 1393 1428 1437 et
1452 1382 1604 1437 abscondite
1625 1400 1672 1439 nar
1695 1401 1713 1437 n
1734 1383 1804 1453 faeie
1821 1386 1935 1442 sedentis
1956 1406 2036 1459 super

360 1476 595 1549 'Protesilaum
608 1479 748 1535 debemus.
763 1476 883 1533 Proinde
907 1483 935 1532 ci
958 1476 1092 1532 bernarius
1105 1475 1183 1531 nobis
1235 1477 1358 1532 tironum
1374 1476 1441 1530 stab
1456 1476 1497 1530 ira
1518 1476 1587 1547 algui
1606 1478 1731 1548 quostiam
1751 1480 1820 1534 uertit
1841 1483 1897 1536 dies
1924 1499 2036 1555 magnus

386 1588 518 1630 numerus
544 1571 630 1644 pluris
653 1568 797 1626 habendus
821 1571 882 1636 cst,
907 1576 1042 1638 gunterum
1070 1568 1182 1623 fratrem
1235 1568 1284 1621 ira
1296 1568 1426 1638 ipsorum,
1439 1576 1463 1622 rt
1476 1568 1535 1639 auis
1546 1569 1639 1637 poterit
1653 1571 1745 1624 stare?
1759 1570 1852 1641 (Aper.
1866 1576 1919 1645 rr.)

386 1666 480 1728 istum,
492 1663 539 1734 qui
554 1671 651 1719 nostro
665 1662 763 1718 tertius
774 1660 909 1718 interesse
924 1656 1008 1714 luctui
1021 1669 1049 1715 et
1060 1674 1183 1715 commu·
1272 1658 1360 1728 Super
1369 1659 1623 1729 auibusallegorice
1634 1659 1698 1717 licet
1710 1670 1831 1717 tractent
1841 1665 1927 1734 aliani
1939 1668 2036 1724 docto·

386 1757 479 1811 tricare
493 1754 620 1826 lacrymis
633 1753 798 1822 iampridem
815 1759 943 1822 exoptat,
958 1758 1035 1820 grate
1057 1749 1184 1805 admitta·
1238 1765 1319 1815 rum,
1334 1758 1465 1806 tameo‘et
1482 1752 1615 1809 historice
1634 1762 1822 1822 competenter
1841 1756 1955 1828 intelligi
1972 1776 2035 1829 pos-

386 1860 459 1917 situs,
472 1861 534 1903 cam
549 1855 624 1903 certe
638 1845 748 1902 noveris
760 1844 913 1913 scriptam:
928 1840 1077 1895 Fanieatas
1088 1840 1185 1909 triplex
1234 1850 1308 1905 sunt,
1321 1842 1394 1909 arrad
1417 1852 1521 1897 tantum
1542 1845 1644 1911 cbaos,
1664 1852 1748 1900 tanta
1769 1845 1825 1901 sint
1847 1842 1947 1900 latrina
1962 1850 2034 1906 aeris

386 1938 490 2009 difficile
504 1936 637 2006 rumpitur
648 1934 749 2007 (Erebe.
768 1936 818 2004 ιι).
834 1934 867 1988 iit
880 1948 888 1986 s
902 1929 1000 1984 Frerer
1013 1931 1058 1995 aui
1069 1931 1185 2001 artjam-
1235 1937 1425 2005 terrarumque
1437 1934 1646 2001 demutationes,
1659 1943 1689 1989 ιιι
1706 1949 1721 1988 a
1737 1935 1795 1990 sois
1817 1937 1908 1991 omnia
1924 1946 1952 1994 et
1966 1938 2035 1992 locis

385 2045 463 2087 rura
489 2028 572 2098 {ratri
593 2028 670 2098 quasi
690 2027 782 2081 ciuitas
801 2025 880 2095 firma
906 2022 998 2093 (Proo.
1023 2023 1113 2093 uuirt).
1134 2024 1183 2079 Est
1235 2030 1262 2077 er
1286 2024 1392 2079 naturis
1411 2022 1560 2094 emigrasse
1583 2026 1742 2092 riulcamur,
1765 2042 1797 2081 ac
1822 2026 1907 2081 nirrsio
1930 2029 2032 2085 timore
2064 2092 2072 2099 ‚

387 2122 490 2193 qnippe
510 2120 625 2176 idoneus
647 2119 784 2174 fraternos
801 2114 957 2171 hortatibus
972 2114 1102 2182 adiuuare
1124 2115 1184 2169 ani·
1235 2114 1343 2169 attoniti
1355 2124 1382 2168 er
1394 2115 1606 2185 tanquam‘ebrii
1623 2115 1767 2187 diliogiaat
1780 2126 1809 2172 ci
1821 2116 1943 2175 latebras
1955 2134 2033 2188 que·
2057 2186 2063 2196 ,

386 2228 465 2279 rrius,
485 2211 594 2282 piisque
617 2208 748 2265 relatibus
771 2207 933 2279 quibusdam
954 2204 1027 2263 retur
1049 2207 1184 2263 machinis
1235 2214 1296 2259 rani
1314 2207 1459 2263 errabundi
1476 2207 1612 2264 homines.
1629 2208 1704 2264 [ilem
1722 2217 1776 2264 tam
1803 2208 1952 2266 terribilem
1977 2212 2032 2267 So·

386 2306 500 2360 llrmare
515 2310 657 2374 pectorum
672 2302 860 2357 nrunitionem
1197 2296 1351 2391 Bplionias
1369 2297 1452 2352 etiam
1469 2300 1600 2370 propbeta
1618 2301 1772 2369 exprimere
1792 2301 1928 2358 intendit·
1943 2303 2031 2359 iusta

420 2391 520 2465 AEgre,
537 2391 639 2462 inqrrit,
655 2390 742 2446 babeo
758 2406 802 2446 mo
823 2388 1038 2447 multoinlerius
1061 2389 1182 2446 nossect
1234 2388 1623 2458 est,iaqniens,dreslbommr
1641 2390 1941 2461 magnanimorum
1957 2397 2032 2451 relos

384 2484 488 2548 ualere,
500 2498 582 2553 quam
594 2491 624 2537 ut
638 2491 761 2537 restrum
782 2482 922 2551 adaequem
937 2480 1120 2547 desiderium
1138 2480 1180 2537 io·
1233 2481 1323 2535 niueis.
1344 2479 1402 2535 Vos
1422 2481 1476 2535 brer
1491 2480 1600 2535 Domana
1618 2497 1730 2547 amara,
1744 2481 1963 2540 tnbuiabrtursbr
1973 2488 2032 2557 [or

385 2575 525 2645 arrisitioni
548 2572 726 2630 satisfaciam.
735 2573 841 2628 Etenim
861 2572 1011 2628 secondum
1021 2572 1086 2627 illud
1098 2585 1183 2628 evan·
1233 2573 1278 2640 tis,
1291 2575 1346 2627 dies
1358 2574 1406 2627 ira
1421 2573 1478 2627 alies
1496 2572 1558 2637 ilia,
1568 2574 1626 2629 dms
1649 2573 1830 2630 tribulationie
1846 2586 1870 2631 rt
1881 2580 2029 2648 angustia,

383 2664 500 2737 gelicum
517 2662 567 2719 :Si
582 2662 675 2718 oculus
687 2672 747 2718 tuus
758 2663 872 2733 simplex
882 2663 974 2733 luerit,
990 2672 1075 2717 totum
1086 2678 1182 2731 corpus
1232 2663 1289 2717 dies
1303 2661 1464 2736 calamitatis
1479 2671 1503 2715 et
1518 2663 1648 2729 misena,
1667 2664 1724 2718 dies
1739 2664 1904 2720 tenebramur
1926 2677 1951 2721 et
1964 2669 2033 2723 cali·

384 2765 461 2810 tuum
473 2754 590 2810 insidunt
603 2756 652 2809 erit
665 2752 742 2825 (Lac.
756 2754 806 2823 ur),
820 2753 854 2807 ad
869 2754 954 2818 licum
967 2764 1056 2809 restra
1067 2754 1182 2811 itrtentio
1197 2820 1199 2824 Ι
1232 2754 1315 2824 ginis,
1334 2754 1391 2807 dies
1406 2752 1507 2807 nebula
1526 2762 1552 2808 et
1566 2755 1698 2818 turbinis,
1712 2754 1768 2809 dies
1780 2755 1884 2812 taboret
1897 2756 2031 2830 clangoris

384 2848 529 2919 est,'atgue
539 2846 693 2903 colarrrbina
704 2846 765 2901 ideo
777 2843 954 2914 simplicitate
964 2845 1002 2900 nil
1015 2845 1088 2902 aliod
1099 2861 1180 2917 auam
1225 2833 1310 2912 'saper
1322 2842 1441 2897 ciuitates
1453 2844 1578 2910 murritas,
1592 2855 1617 2899 et
1634 2860 1713 2914 saper
1732 2845 1844 2916 augulor
1855 2847 1981 2903 acceium.
1994 2848 2030 2905 ls't

384 2940 602 3009 compunctionis
615 2938 795 3002 monimenta,
815 2950 896 3007 quam
913 2935 1094 3008 lacrymarum
1110 2936 1180 2993 inci·
1232 2933 1363 2988 tribulabo
1373 2934 1534 2999 nominemur
1545 2935 1716 2991 ambulabunt
1726 2938 1837 3005 utcaei,
1847 2939 2031 3009 guicbertino

385 3040 505 3084 tarrrenta
519 3030 653 3100 quaeritis,
668 3028 767 3097 quibas
785 3026 869 3082 relati
884 3017 1001 3096 quodam
1016 3027 1089 3082 nitro
1102 3042 1181 3082 mun·
1230 3032 1402 3095 pecrauerrmt
1414 3023 1543 3095 (Sopbon.
1563 3026 1595 3094 ι).

384 3122 491 3177 dilicari
513 3122 631 3176 interior
643 3119 713 3174 solet
728 3116 820 3174 bomo.
839 3117 923 3186 igitar
937 3131 987 3186 pro
1003 3118 1181 3173 similitudine
1269 3116 1429 3171 Corrscnaat
1445 3116 1508 3171 hnic
1522 3124 1549 3169 ct
1564 3118 1636 3186 apud
1652 3117 1809 3176 llattlrteam
1820 3121 2030 3192 {evangelistam

384 3209 595 3267 sedentisasina
614 3210 681 3263 axae
702 3207 774 3262 bruti
799 3216 881 3277 atque
901 3207 1103 3263 irrationabiles
1117 3218 1181 3264 sunt
1233 3206 1343 3261 bomini
1356 3207 1450 3262 dicta:
1470 3205 1517 3262 Vn
1539 3211 1735 3278 prapnarrtibus
1756 3223 1780 3265 et
1805 3214 1979 3267 nutrientibus
2002 3214 2031 3267 in

384 3311 476 3357 stratus
489 3298 668 3367 subjugandi,
686 3311 747 3367 quae
761 3296 824 3352 dum
837 3296 990 3351 claudicant
1002 3296 1060 3352 sive
1073 3297 1179 3366 factura
1230 3300 1321 3353 diebus
1335 3298 1409 3354 illis:
1424 3300 1472 3353 erit
1487 3300 1558 3354 enirn
1581 3310 1643 3355 tunc
1659 3302 1795 3358 tribulatio
1810 3320 1924 3374 magna,
1942 3305 2030 3375 gualis

384 3396 600 3463 interpretetur,
613 3402 649 3443 ne
671 3387 746 3442 uitiis
756 3455 760 3465 Ι
771 3384 973 3450 claudicemus,
988 3386 1110 3456 appingit
1129 3402 1180 3442 suo
1230 3407 1282 3445 non
1295 3390 1345 3459 [ait
1358 3392 1390 3470 ab
1405 3391 1482 3444 initio
1497 3392 1592 3446 ruundi
1615 3409 1698 3464 usgue
1717 3396 1809 3459 modo,
1822 3412 1905 3467 argue
1917 3398 1985 3466 fiet:
2004 3407 2031 3453 et

379 3483 511 3547 ararninc,
525 3481 580 3535 imo
596 3478 701 3549 quales,
717 3476 750 3529 ad
770 3475 834 3545 quid
848 3474 929 3529 etiarn
945 3472 1009 3529 lacti
1025 3475 1111 3530 simus
1135 3491 1180 3533 se·
1220 3482 1281 3537 misi
1294 3483 1404 3536 bruciati
1426 3481 1536 3551 fuissent
1551 3483 1607 3537 dies
1621 3481 1676 3548 illi,
1692 3500 1744 3538 non
1763 3484 1836 3553 peret
1851 3485 1926 3539 salua
1941 3490 2030 3543 omnir

383 3572 448 3627 dolo
459 3570 643 3626 attendamus
655 3566 814 3636 Propterea,
830 3566 978 3622 meandum
997 3564 1157 3624 clamanus
1150 3583 1177 3623 m
1229 3590 1309 3640 raro,·
1325 3575 1370 3629 sed
1383 3582 1486 3644 propter
1500 3571 1595 3628 eleetos
1616 3576 1803 3631 breviabuntur
1827 3577 1882 3631 dues
1896 3576 1949 3634 rib
1964 3578 2031 3636 sra-

383 3668 493 3721 deserto
515 3676 609 3719 rocem
634 3675 762 3732 paternas
781 3660 853 3714 riam
870 3657 996 3725 bomini,
1022 3668 1111 3713 rectas
1135 3658 1175 3713 lu·
1189 3664 1210 3722 c
1227 3661 1273 3715 tim
1287 3670 1374 3716 autem
1387 3670 1443 3730 past
1465 3661 1663 3718 tribulationem
1681 3664 1784 3720 dierunt
1800 3665 1909 3721 illarum
1924 3667 1965 3722 sol
1979 3669 2031 3723 ob·

369 3759 488 3813 ‘ciamus
498 3728 613 3811 semitas
624 3752 683 3821 ejus
697 3754 731 3808 ad
744 3761 850 3823 patrem
872 3750 985 3822 Calepb,
998 3752 1043 3820 aui
1060 3767 1106 3804 cor
1119 3767 1177 3805 orn·
1227 3752 1391 3824 scurabitor,
1406 3761 1430 3807 ct
1448 3751 1520 3807 lura
1545 3770 1596 3808 non
1609 3756 1681 3810 dabit
1697 3756 1787 3812 lunren
1801 3773 1895 3825 suum,
1907 3769 1931 3814 rt
1945 3762 2030 3817 stella

383 3850 458 3904 urium
474 3848 680 3917 mterpretatur,
692 3856 798 3916 patrem
822 3844 949 3901 uidelicet
964 3844 1052 3908 illum
1068 3844 1113 3912 qai
1129 3858 1179 3899 cor
1227 3842 1363 3896 carleutde
1380 3843 1461 3909 caela,
1476 3845 1623 3899 stuirtutes
1642 3846 1766 3903 calorum
1785 3854 2027 3905 annumerabuntur

384 3941 467 3995 lrabet
480 3937 640 4008 disponendi
661 3937 772 4003 omnia,
789 3937 970 4007 suspirando,
990 3943 1020 3988 ut
1033 3936 1076 3990 det
1099 3933 1179 3990 nobis
1227 3932 1263 3986 lit
1274 3945 1336 3988 turre
1347 3935 1482 4003 apparebit
1498 3937 1601 4006 sipnum
1619 3936 1846 3995 Filiibaminisin
1858 3940 1934 4006 calo.
1951 3942 2029 3999 Sirra

353 4047 356 4052 ¹
376 4012 518 4101 'irriguum
530 4029 656 4099 superias
669 4036 697 4084 et
713 4028 845 4099 irriguum
858 4025 985 4092 inlerias,
998 4024 1133 4095 lacrymas
1143 4028 1178 4081 ob
1227 4026 1296 4079 enim
1309 4024 1400 4095 fulgur
1416 4026 1470 4079 ecit
1480 4027 1513 4080 ab
1526 4011 1630 4081 amente*
1637 4038 1662 4081 ιι
1674 4039 1748 4097 paret
1770 4047 1853 4102 usgue
1865 4033 1892 4087 in
1907 4033 2028 4087 occiden-

384 4135 505 4176 umorem
516 4117 831 4189 superorum,lacrymas
838 4116 873 4171 ob
881 4117 1006 4171 timorem
1015 4113 1177 4171 inferorum.
1227 4124 1290 4179 teni,
1304 4116 1342 4167 ita
1354 4114 1403 4168 erit
1417 4123 1442 4168 et
1456 4116 1582 4170 aduentus
1598 4116 1663 4172 Filii
1677 4120 1852 4187 neminimus
1870 4130 1934 4177 tunc
1945 4125 2025 4193 plan·

407 4213 581 4283 *Quanquam
597 4212 699 4267 clareat
717 4210 785 4267 satis
809 4218 864 4265 tam
887 4208 983 4265 lausto
997 4209 1179 4281 possessionis
1227 4217 1285 4277 pent
1299 4222 1388 4266 omnes
1408 4205 1492 4261 tribus
1509 4216 1587 4264 terra
1611 4210 1777 4266 stridebunt
1796 4210 1898 4267 Filium
1911 4214 2025 4269 bominis

381 4307 438 4377 jum
449 4304 692 4368 tosaccolasesse,
705 4302 741 4357 mi
754 4302 862 4369 iratres,
872 4309 1009 4372 qrrntenas
1020 4317 1074 4357 sion
1087 4301 1178 4371 inepte
1227 4299 1255 4364 its
1276 4298 1387 4352 nubibus
1409 4298 1467 4353 caeli
1488 4314 1548 4352 cum
1569 4299 1664 4355 uirtute
1683 4301 1811 4357 multost
1826 4304 1974 4373 nrajestatc.
1990 4305 2027 4359 lit

383 4396 559 4469 arrogem-in
572 4394 666 4459 vobis,
687 4392 760 4464 qttod
775 4407 825 4461 per
839 4392 999 4463 proplietam
1024 4390 1176 4460 Dominus:
1227 4391 1311 4445 mittet
1328 4389 1766 4459 angelossuoscumtuiaetroce
1779 4409 1892 4464 magna,
1914 4403 1940 4447 st
1961 4410 2020 4449 cau·

383 4487 511 4553 Pactum,
529 4486 637 4555 inquit,
650 4499 736 4538 nucum
751 4498 811 4536 cunr
831 4480 891 4537 Leni
906 4482 957 4551 [uit
975 4482 1034 4536 uita
1048 4489 1073 4534 et
1087 4481 1176 4550 paris,
1226 4481 1371 4552 gragabunt
1395 4482 1489 4536 electos
1506 4484 1566 4553 ejas
1588 4498 1604 4536 a
1625 4492 1739 4553 quatuor
1763 4483 1860 4549 nentis,
1878 4501 1894 4538 a
1913 4488 2026 4541 sunrrrris

383 4588 408 4634 st
424 4579 485 4632 dedi
500 4578 525 4632 ei
540 4577 660 4630 timorem
675 4584 699 4628 et
715 4574 803 4627 timuit
826 4589 884 4638 nte,
905 4584 928 4626 et
944 4590 959 4626 a
974 4572 1042 4641 [acie
1066 4572 1178 4625 noariuis
1228 4573 1352 4628 colorum
1376 4589 1458 4644 usgue
1478 4572 1514 4649 ati
1537 4575 1662 4628 terminos
1683 4589 1777 4629 eornm
1801 4574 1911 4646 (blattb.
1936 4583 2022 4647 sura).

383 4668 436 4723 snei
455 4662 703 4735 parebaitblalaclr.
721 4662 762 4734 u).
778 4662 917 4730 Siquidem
930 4662 1034 4730 pareus
1048 4675 1102 4715 non
1117 4668 1178 4715 tan·
1227 4663 1323 4720 ltidem
1344 4675 1371 4720 et
1394 4666 1420 4719 in
1445 4662 1608 4735 Apocalypsi
1631 4663 1752 4719 ioatrnes
1764 4681 1772 4719 s
1786 4664 1855 4721 lices
1871 4667 1942 4721 uenio
1963 4684 2023 4722 rum

384 4769 442 4817 tum
466 4757 595 4829 quioniam
619 4754 744 4809 maritari
766 4755 853 4819 estis,
880 4754 932 4809 lroc
955 4753 1027 4807 enim
1051 4754 1178 4810 orrririlrus
1228 4758 1353 4824 imbibas,
1371 4757 1505 4813 stridebit
1519 4756 1827 4821 eumonrniroculus,et
1842 4757 1959 4831 guisum
1974 4776 2024 4828 pu-

383 4863 528 4906 commune
542 4854 587 4902 est
603 4844 774 4911 uiuentibus,⁴
786 4859 881 4901 rerum
896 4853 1081 4914 postmortem
1095 4860 1176 4915 quam
1227 4859 1372 4919 ιιιιιιιιιιι,Ι
1382 4849 1538 4919 etpiangrnt
1549 4864 1577 4903 se
1586 4863 1728 4917 supereum
1739 4849 1918 4905 omnestn'bus
1928 4859 2022 4907 terra:

385 4942 504 4998 lralrituri
519 4950 620 4997 scriem
633 4940 847 5010 sitis,guoaiam
863 4937 973 5009 penitus
986 4938 1130 5009 ignoratis,
1143 4942 1177 4995 arl
1228 4942 1319 4995 etiam.
1334 4942 1415 4995 Arnen
1425 4941 1518 5011 (Apus.
1532 4940 1575 5011 ι).“

378 5034 539 5103 exemplum
560 5031 629 5102 justi
644 5031 716 5103 lob,
733 5032 779 5101 qui
801 5032 878 5101 quasi
896 5040 1035 5086 tumentes
1051 5046 1133 5103 saper
1148 5003 1215 5088 sen
1267 5033 1302 5088 Et
1313 5034 1421 5102 quidem
1438 5041 1492 5088 tam
1507 5032 1678 5091 insolitorum
1691 5043 1800 5091 ostenta
1811 5035 1978 5092 mirabilium
1995 5036 2022 5090 in

378 5128 483 5182 tinctus
495 5125 617 5179 timuerit
633 5125 727 5187 Deum,
742 5122 858 5191 conjicio
867 5137 900 5178 ex
913 5124 1009 5178 restris
1020 5123 1136 5178 lactibus
1150 5134 1178 5179 et
1232 5124 1337 5180 risione
1349 5135 1484 5181 nocturna
1502 5126 1610 5181 cuidam
1625 5128 1797 5198 praetigurata
1818 5138 1892 5184 strat.
1909 5129 2022 5185 Videbat

381 5229 430 5271 ros
460 5216 558 5272 timere
580 5223 634 5270 eta
650 5214 720 5270 incia
744 5214 861 5269 nominis
878 5214 937 5284 ejus
956 5229 1068 5284 parere,
1083 5216 1128 5283 qui
1143 5216 1177 5271 nd
1230 5216 1343 5281 etenim,
1361 5216 1432 5284 quari
1448 5216 1552 5272 reniret
1566 5216 1653 5273 Filius
1667 5219 1786 5274 bominis
1801 5218 2020 5287 adjrrdicandnm

380 5306 558 5375 judicandum
583 5316 714 5362 uenturus
735 5314 778 5361 est
805 5304 833 5359 in
859 5304 931 5359 nube
952 5319 1014 5359 cam
1040 5312 1176 5373 potestate
1230 5307 1307 5362 riuos
1329 5317 1357 5362 ct
1381 5318 1518 5369 mortuas.
1544 5311 1772 5378 quemadmodum
1796 5318 1823 5364 et
1847 5310 2019 5367 Psalrrtista:

383 5415 481 5471 inagna
493 5411 521 5456 el
532 5400 684 5470 mapesiaie
694 5396 803 5467 quando
816 5397 899 5452 ettam
916 5395 1031 5452 viniules
1042 5396 1174 5451 coelotum
1231 5395 1316 5461 beris,
1333 5397 1439 5466 inquii,
1455 5399 1592 5468 aratrifestc
1612 5403 1709 5502 terrici,
1730 5400 1902 5457 Deasnoster
1920 5413 1944 5457 et
1967 5419 2021 5506 noti

382 5585 424 5654 pri
418 5598 459 5638 us
470 5593 552 5654 atquc
565 5582 925 5638 intolerabilitermutatoet
937 5581 1177 5638 concrissolacrint
1227 5579 1300 5630 cuitu
1313 5578 1371 5646 ejus
1386 5587 1524 5647 tempestas
1538 5580 1624 5633 ualida
1635 5545 1723 5653 (Psoi.
1736 5585 1821 5653 seru).
1838 5582 1947 5640 Faciem
1961 5585 2020 5655 ejus

382 5676 458 5748 signa
474 5676 502 5730 in
514 5674 579 5738 cole,
594 5683 617 5728 rt
631 5673 711 5741 iuna,
726 5684 751 5730 et
765 5676 862 5741 stellis,
878 5684 901 5729 et
915 5676 942 5728 in
959 5674 1036 5729 terris
1053 5690 1176 5742 pressura
1228 5667 1346 5738 qualiter
1363 5667 1575 5723 reformidarent
1597 5671 1692 5741 impii,
1705 5672 1823 5742 qualiter
1844 5674 2021 5744 profugerent

382 5769 499 5837 peritiam
520 5783 575 5837 pror
588 5766 742 5835 conlusione
763 5768 864 5820 sortitus
887 5768 969 5820 araris
993 5774 1016 5819 et
1035 5766 1175 5834 fluctuum,
1227 5767 1256 5814 et
1270 5759 1355 5814 latere
1369 5758 1482 5826 uellem,
1504 5760 1567 5815 dum
1586 5762 1740 5820 nullalenus
1755 5764 1886 5832 ualerent,
1899 5782 1954 5837 qua
1972 5768 2021 5823 de-

382 5859 560 5913 crescentibus
581 5857 728 5911 bominibas
745 5872 799 5925 pra
814 5858 906 5910 timore
927 5865 950 5909 et
968 5856 1174 5924 exspectatione,
1229 5850 1386 5920 speratione
1401 5852 1626 5918 extabescerent,
1643 5854 1702 5920 ipse
1716 5855 1781 5911 item
1796 5858 1823 5911 in
1839 5857 1935 5925 spiritu
1950 5873 2020 5928 prae·

383 5966 441 6019 aaa
462 5950 655 6018 superuerrrrint
668 5948 788 6002 uniuerso
807 5948 863 6001 orbi
873 5945 950 6017 (Luc.
963 5946 1021 6017 ιιι)
1032 5964 1040 6013 ;
1052 5946 1173 6016 quando,
1228 5939 1495 6013 procumbebamus
1517 5943 1599 6012 Deus,
1620 5947 1668 6011 ait,
1694 5957 1717 6002 rt
1739 5948 1899 6017 dissipentur
1916 5950 2019 6003 inimici

350 6051 353 6055 ⁴
383 6043 505 6113 iuquam,
519 6040 617 6097 recedet
630 6041 722 6097 caium
736 6038 813 6110 guasi
826 6037 892 6093 liber
905 6038 1054 6106 introlatus,
1075 6048 1099 6094 st
1120 6054 1174 6093 om·
1227 6035 1297 6105 eius,
1307 6023 1333 6090 'et
1347 6033 1462 6107 fugiam,
1477 6038 1521 6107 qai
1536 6036 1647 6094 oderttnt
1661 6055 1720 6097 sum
1741 6058 1757 6097 a
1776 6041 1846 6111 {acie
1866 6042 1935 6113 ejus,
1949 6043 2023 6121 sirus
