4584 6767
352 554 420 608 ttott
970 551 1159 612 tulttttttt
1180 555 1344 614 1lethAE
1929 567 2000 626 lsstb

349 661 579 724 reverendissimo
604 665 695 735 priore
725 655 829 734 nostro,
849 668 896 739 qui
927 667 962 724 ab
986 669 1082 726 eudem
1106 671 1139 725 ad
1156 675 1179 733 Α
1195 673 1303 728 undeet
1315 674 1413 742 adjura
1425 689 1499 739 curru,
1516 682 1543 730 rt
1558 677 1687 734 misertus
1701 676 1743 736 'sis
1765 678 1839 736 ei.'>r
1858 679 1927 749 Quo
1948 699 1999 739 on.

349 753 529 816 erudiendum
553 758 637 830 digno
658 772 721 814 cum
742 758 848 815 honore
865 768 1020 830 susceptus,
1041 768 1068 815 ot
1090 776 1139 831 pru
1191 765 1260 833 dito,
1285 766 1327 820 uir
1344 765 1391 822 bet
1415 782 1477 822 eum
1502 768 1530 822 in
1550 771 1695 826 eeclesiam
1720 773 1822 829 rtatim
1850 775 1998 846 deportari

299 899 302 903 .
348 851 532 923 simplicitatis
544 850 755 925 acubumilitatis
770 851 922 908 reverentia
934 850 996 908 loco
1012 851 1139 908 narina
1190 866 1294 926 eosque
1305 861 1453 928 parumper
1464 859 1510 929 qui
1524 858 1639 916 ederant
1649 862 1802 919 abscedere
1813 863 1910 935 luss't
1928 871 1997 939 :qai

349 943 535 1002 uenerationis
549 952 592 1000 est
615 944 736 1000 babitus.
761 942 881 1000 Gnidoui
903 959 1014 1014 quoque
1034 945 1068 1000 de
1086 942 1139 999 lli·
1193 962 1257 1001 mur
1273 948 1300 1002 in
1314 947 1375 1004 loco
1387 948 1471 1019 digno
1493 950 1526 1004 ad
1545 951 1648 1007 auxilia
1660 963 1793 1011 constreta
1809 957 1998 1027 confugiens,

349 1036 420 1094 liaeo
431 1035 480 1108 qui
503 1036 604 1104 eidem,
631 1036 703 1093 sicut
727 1029 851 1101 decebat,
876 1049 926 1105 pro
943 1035 1084 1104 religionis
1107 1051 1140 1092 ae
1191 1037 1276 1093 sein
1293 1039 1418 1095 oratione
1446 1055 1508 1095 cum
1532 1039 1609 1112 grari
1636 1042 1739 1112 gemitu
1763 1044 1856 1101 dedit.
1885 1046 1996 1106 lutee·

349 1130 510 1187 reuerentia
524 1128 620 1184 taetitia
637 1143 685 1186 seu
696 1127 842 1184 anterioris
862 1126 1056 1185 familiaritatis
1070 1144 1139 1184 con·
1189 1141 1310 1200 aegrotus
1324 1131 1379 1197 ille,
1393 1132 1466 1187 sicut
1479 1140 1539 1187 erat
1561 1134 1713 1190 contractis
1728 1136 1852 1203 pedibus
1870 1154 1909 1194 ac
1922 1141 1996 1196 reni·

347 1220 503 1291 junctione,
520 1219 655 1275 incorum
670 1218 776 1276 cellulae
791 1232 858 1274 cura
884 1227 940 1274 tant
969 1218 1038 1274 liene
1058 1220 1138 1275 docta
1189 1220 1633 1296 bus,jactatitsepronusquasi
1659 1236 1776 1283 truncus
1796 1228 1829 1284 in
1844 1231 1996 1300 pavimen-

348 1306 455 1384 primus
466 1311 610 1370 succemit.
622 1309 764 1367 Bernardo
775 1310 859 1367 etiam
872 1308 999 1377 bocardi,
1012 1310 1059 1382 qui
1075 1326 1138 1366 eum
1189 1322 1260 1375 tum,
1274 1325 1301 1371 et
1313 1316 1399 1385 coepit
1413 1329 1476 1371 curn
1502 1317 1632 1389 lacrymis
1659 1319 1788 1377 inuocare
1815 1337 1926 1380 nomeu
1943 1324 1997 1380 llo

348 1401 865 1475 nnennrnuruancottocnuonun
886 1409 1046 1457 nostrarum
1074 1416 1139 1458 san·
1189 1404 1379 1475 minimest
1406 1408 1434 1463 tn
1451 1408 1504 1465 trac
1530 1411 1694 1468 rreoessunr
1714 1428 1771 1470 non
1797 1430 1926 1473 succurr
1944 1427 1995 1483 nr,

347 1497 470 1553 etionum
487 1504 516 1554 et
531 1495 679 1553 dulcedine
699 1494 832 1566 spiritalis
843 1494 997 1552 dilectionis
1013 1494 1139 1567 aliquan·
1189 1498 1285 1555 saltem
1297 1512 1385 1553 euma
1398 1498 1529 1571 gebenna
1549 1501 1684 1560 incendiis
1711 1502 1907 1575 inposterum
1927 1508 1995 1563 libe·

347 1588 395 1644 diu
418 1588 635 1645 familiarissime
659 1595 853 1656 conversatus,
874 1587 1014 1643 immodici
1035 1586 1138 1644 amoris
1188 1598 1281 1658 raret;
1296 1605 1417 1662 cumque
1436 1605 1486 1662 per
1506 1592 1603 1649 boram
1629 1595 1657 1649 in
1686 1596 1761 1653 laune
1775 1599 1895 1662 modurn
1911 1615 1994 1656 stram

347 1695 408 1737 rese
419 1679 529 1737 uinculo
542 1680 776 1738 constrinxerant.
793 1678 908 1753 llugone
930 1695 995 1736 reru
1011 1680 1044 1736 de
1058 1678 1137 1735 blon-
1188 1681 1366 1752 prolongaret
1380 1682 1548 1747 orationem,
1560 1682 1653 1741 subite
1674 1696 1766 1743 amota
1780 1688 1935 1759 languoris
1950 1693 1992 1747 rat

347 1780 385 1838 te,
401 1771 445 1826 eui
465 1770 510 1827 ille
534 1787 583 1842 pro
605 1772 711 1843 justitia
740 1785 773 1826 ac
795 1770 1018 1841 lidelitatequam
1048 1769 1075 1824 in
1103 1783 1138 1825 eo
1188 1773 1382 1841 amaritudine,
1396 1774 1532 1831 interierit
1544 1785 1667 1847 optatam
1693 1779 1847 1836 sanitatem
1865 1797 1898 1837 se
1915 1798 1993 1838 reee-

347 1865 450 1935 reperit
465 1863 702 1922 lamiliarissimus
719 1865 913 1921 ardentissime
929 1864 990 1930 luit,
1004 1872 1031 1917 et
1044 1863 1079 1917 ab
1094 1876 1138 1918 ou
1187 1867 1272 1938 pisse,
1290 1866 1339 1938 qui
1356 1866 1448 1922 statim
1470 1868 1571 1924 erectis
1585 1867 1702 1938 pedibus
1725 1870 1854 1929 bominis
1870 1871 1922 1927 liri
1939 1876 1990 1930 nri·

345 1954 407 2009 dem
432 1954 460 2014 in
488 1953 546 2024 ipso
573 1954 823 2026 transmigrationis
845 1970 903 2010 suu
924 1955 1040 2012 articulo
1059 1955 1137 2025 pacis
1189 1957 1314 2013 raculum
1327 1956 1369 2013 eis
1390 1957 1438 2025 qui
1453 1955 1521 2014 loris
1547 1958 1671 2024 aderaut,
1697 1960 1856 2017 testabatur
1870 1964 1989 2021 dicens:

346 2044 495 2102 llominicae
509 2046 634 2101 osculum
653 2047 758 2116 accepit
771 2052 900 2102 saltitare.
913 2045 1048 2113 Quoniam
1060 2046 1138 2103 valde
1153 2025 1175 2082 Β
1192 2066 1202 2100 ι
1217 2046 1297 2114 Eece,
1311 2062 1385 2114 eece,
1401 2062 1465 2103 ecee
1480 2048 1546 2119 quid
1561 2048 1588 2104 in
1601 2049 1653 2106 bae
1673 2048 1718 2105 die
1731 2050 1774 2106 uir
1787 2051 1839 2109 Dei
1856 2065 1992 2124 operatus

345 2140 439 2210 opinio
453 2140 610 2199 sanctitatis
634 2140 779 2195 memorati
794 2140 846 2195 uiri
867 2149 1040 2203 excreuerat,
1058 2140 1137 2195 multi
1188 2141 1240 2199 esi,
1254 2149 1298 2189 me
1314 2142 1382 2190 teste
1394 2135 1540 2205 probante.
1557 2156 1568 2190 r
1588 2135 1642 2203 Qui
1658 2138 1784 2208 protinas
1805 2157 1850 2200 aea
1860 2153 1961 2200 trent
1977 2163 1990 2201 s

345 2230 446 2287 intirmi
461 2231 495 2287 ad
506 2246 569 2287 eum
592 2246 626 2287 ex
639 2230 757 2288 diversis
767 2231 988 2301 prouinciis-spe
1011 2232 1137 2287 sanitatis
1187 2225 1333 2295 stupebant
1345 2226 1568 2296 etmirabautur,
1581 2229 1704 2287 diceutes
1716 2249 1724 2285 :
1738 2229 1914 2299 «Quomodo
1931 2249 1987 2304 est,

343 2324 539 2395 recuperandae
549 2322 905 2392 conduerceqnsueterant.
1190 2316 1302 2373 irater?
1320 2337 1330 2371 r
1347 2324 1376 2371 et
1389 2317 1667 2389 interrogabanteum
1679 2321 1797 2393 qualiter
1814 2326 1870 2379 troc
1881 2324 1987 2382 lactura

378 2416 424 2472 δί.
446 2415 486 2471 Eo
502 2415 720 2487 igiturtempore
738 2414 874 2481 Haaruac,
888 2415 961 2472 sicut
989 2415 1075 2471 nostri
1092 2429 1134 2471 se·
1187 2407 1295 2465 luisset.
1308 2408 1354 2467 lile
1369 2418 1461 2466 autem
1485 2410 1614 2466 dicebat:
1631 2430 1639 2462 ι
1655 2410 1743 2468 llomo
1759 2412 1807 2469 llci
1823 2415 1871 2471 ille
1886 2433 1934 2473 me
1953 2419 1989 2474 de

343 2508 437 2564 niorcs
448 2506 550 2575 lerunt,
566 2514 727 2563 contractus
739 2506 852 2577 quidam
878 2506 1031 2562 decubasse
1043 2506 1135 2563 dictus
1187 2503 1313 2570 praesenti
1329 2502 1440 2559 tristitia
1447 2501 1583 2558 liberauit.
1605 2500 1677 2560 »lile
1687 2501 1786 2560 deinde
1803 2522 1936 2565 reuersus
1952 2509 1988 2566 ad

342 2610 405 2657 ests
422 2601 466 2656 bic
492 2600 627 2673 siquidem
643 2616 659 2657 a
677 2600 789 2656 renibus
802 2609 829 2657 et
842 2599 914 2655 iuira
933 2608 1036 2656 tantam
1049 2614 1136 2655 mem·
1186 2593 1235 2650 Ilei
1250 2594 1383 2650 lentulum
1396 2595 1520 2650 narrarit
1532 2595 1695 2667 eorumque
1709 2607 1771 2653 acta
1785 2596 1915 2657 luerunt.¹
1926 2600 1987 2670 Quo

342 2694 458 2748 trorum
474 2692 690 2749 tnratctudtnem
708 2691 874 2758 incurrerat,
902 2701 933 2749 ut
947 2693 1076 2749 manibus
1091 2707 1135 2748 rc·
1185 2684 1292 2750 andito,
1309 2686 1414 2741 utamur
1425 2686 1453 2740 in
1469 2686 1570 2742 coetum
1586 2686 1831 2745 circunstantium
1848 2692 1986 2749 attottttnr
2050 2678 2052 2681 ’

321 2789 325 2793 ’
340 2802 420 2860 pens,
438 2786 583 2842 dissolutis
606 2786 731 2854 renibus,
747 2800 848 2857 eorpus
863 2801 912 2857 per
925 2796 1027 2842 terram
1042 2786 1133 2841 traltc·
1185 2774 1418 2844 ¹¹¹⁸C¹¹lss⁰⁸¹¹⁸5¹¹¹¹¹
1431 2774 1526 2844 Deum·
1548 2774 1635 2844 Quem
1651 2769 1715 2855 Μ,
1730 2778 1774 2834 tir
1789 2777 1903 2837 Domini
1915 2792 1987 2839 lent·

340 2887 391 2945 ret,
400 2888 427 2933 et
438 2878 582 2948 irrependo
594 2886 749 2934 monstrum
760 2878 871 2949 aliquod
883 2878 1037 2934 simularet.
1048 2876 1134 2933 llulto
1152 2889 1154 2893 ’
1184 2867 1306 2938 lt⁰l³¹0¹¹¹
1322 2858 1430 2939 figlini
1445 2867 1580 2923 ¹¹⁰¹i⁰l⁰m
1596 2868 1711 2925 ffl0lesls
1722 2874 1901 2944 compescuit
1916 2866 1983 2947 pro-

339 2970 433 3040 itaque
447 2970 475 3026 iu
490 2970 542 3025 bae
563 2969 706 3026 debilitate
724 2969 851 3025 detentus
867 2978 1000 3039 tempore,
1023 2983 1133 3039 prospe
1185 2959 1327 3027 bibitione,
1343 2961 1453 3015 dicen&
1467 2979 1476 3012 ι
1492 2958 1575 3029 Tace,
1587 2972 1661 3029 lloei
1677 2966 1726 3018 ⁸0⁰
1736 2962 1760 3019 εἰ
1770 2963 1841 3035 duis
1855 2973 1883 3022 lo
1895 2967 1984 3023 iuter·

339 3068 448 3115 aeternae
462 3058 597 3114 mercedis
611 3073 626 3113 a
639 3058 743 3115 satietis
763 3058 909 3115 monacbis
927 3058 994 3114 inibi
1009 3073 1132 3113 commo·
1185 3052 1322 3123 rogarerit
1343 3051 1461 3123 qualiter
1476 3052 1530 3107 boc
1553 3050 1716 3122 laetamen,
1731 3054 1913 3114 solummodo
1940 3075 1982 3114 ro-

339 3151 465 3207 rantibus
478 3150 576 3221 stipem
595 3150 717 3207 diuinam
743 3149 770 3204 in
783 3150 952 3221 quotidianis
966 3149 1134 3220 suscipiebat
1184 3143 1288 3216 sponde
1296 3142 1501 3214 quiallominus
1510 3141 1592 3200 lesus
1601 3143 1740 3213 Christus,
1750 3145 1797 3216 qui
1809 3161 1863 3217 per
1877 3150 1984 3205 arnicas

339 3239 448 3306 usibus,
462 3239 527 3310 quia
556 3253 607 3294 nec
631 3238 684 3296 sibi
710 3253 761 3295 uec
784 3237 862 3295 alteri
888 3238 990 3309 aliquid
1005 3255 1132 3295 exercere
1184 3252 1249 3291 suos
1262 3236 1363 3306 ubique
1374 3244 1515 3307 operatur,
1530 3236 1589 3308 ipse
1604 3237 1743 3293 intetale
1764 3247 1919 3296 actantum
1935 3256 1983 3312 per

338 3333 447 3388 ualebat
461 3330 564 3403 operis.
582 3328 707 3399 Cumque
723 3330 770 3385 illo
785 3330 813 3385 in
832 3331 893 3386 loco
909 3331 936 3385 in
956 3339 1032 3386 tanta
1048 3333 1166 3420 misc-C
1184 3327 1294 3382 beatum
1309 3326 1457 3382 llarinrum
1476 3343 1557 3383 suurn
1574 3328 1704 3383 dilectum
1728 3328 1756 3383 iu
1772 3329 1836 3386 loco
1847 3331 1902 3387 isto
1915 3348 1981 3403 ope-

337 3425 379 3481 rio
394 3440 443 3496 per
457 3425 542 3479 multa
558 3439 695 3480 aurmrum
724 3422 861 3479 curricula
886 3424 1044 3480 demoratus
1059 3424 1128 3480 luis·

337 3528 389 3583 set,
405 3518 488 3589 eique
497 3516 609 3589 penitus
621 3516 656 3571 de
670 3515 796 3584 corporis
811 3516 898 3571 salute
912 3526 985 3572 esset
997 3516 1127 3588 despera-

336 3608 473 3675 tiolacta,
483 3607 601 3679 quadam
617 3603 762 3662 dieditiua
776 3606 876 3676 pietate
889 3606 1012 3663 occurrit
1024 3607 1127 3674 animo,
1159 3666 1162 3672 ,

336 3702 410 3773 rqrrod
427 3700 461 3756 ad
480 3699 568 3755 virum
588 3698 636 3754 Dei
666 3713 696 3755 se
713 3698 814 3754 l'aceret
841 3698 1050 3770 quoquomodo
1065 3715 1128 3769 por·

337 3794 400 3860 tari,
417 3793 463 3850 ubi
492 3801 567 3849 tauta
590 3786 724 3861 quotidie,
750 3800 882 3862 operante
902 3790 1018 3848 Domino
1032 3801 1128 3849 nostro

267 3891 269 3895 “
335 3884 400 3941 lesu
412 3882 534 3951 Christo,
556 3869 653 3939 merita
681 3882 742 3954 ejus
768 3882 901 3937 uirtutum
925 3884 983 3954 jum
1004 3884 1127 3939 audierat

335 3977 484 4034 nrrrnstrari
504 3976 668 4048 frequentia.
684 3974 735 4032 llic
744 3991 808 4032 tero
821 3976 873 4031 lide
887 3977 1080 4042 commonitus,
1094 3992 1127 4032 ac

335 4068 434 4139 rrrajori
447 4068 490 4125 sui
505 4066 630 4138 corporis
646 4051 809 4123 necessitate
822 4057 992 4137 compulsus,
999 4075 1126 4136 parentes

334 4176 400 4219 suos
414 4160 518 4232 absque
531 4158 662 4216 dilatione
679 4157 848 4228 propositum
865 4172 945 4236 suum
962 4157 1069 4228 impleri
1086 4160 1126 4213 la·

334 4254 470 4327 crumenis
488 4251 595 4324 rogauit
610 4250 779 4322 gemitibus;
795 4264 876 4320 quem
894 4265 957 4305 cum
983 4250 1127 4322 audissent

332 4354 460 4417 parentes
479 4352 562 4415 atque
577 4343 711 4401 vidissent
727 4342 786 4413 jam
799 4357 848 4413 per
861 4342 978 4397 multum
993 4345 1125 4414 temporis

333 4436 532 4493 nihilomnino
559 4451 641 4507 posse
666 4435 809 4507 prolicere,
827 4434 1002 4505 deportantes
1026 4452 1125 4507 posue·

332 4540 396 4587 runt
409 4538 472 4587 ante
491 4528 544 4585 uiri
569 4528 619 4585 ttct
634 4528 834 4595 babitaculum,
851 4537 881 4583 ut
903 4530 1001 4586 saltem
1015 4529 1049 4584 ab
1073 4530 1123 4584 ad-

331 4624 508 4679 ventantibus
523 4630 695 4693 pasceretur,
722 4621 817 4676 labore
831 4621 867 4676 ali
892 4622 1003 4693 proprio
1019 4632 1124 4692 poterat

331 4716 457 4771 minime.
480 4711 607 4784 Cumque
635 4712 772 4784 palpando
796 4712 943 4783 aliquantis
968 4714 1065 4772 diebus
1085 4717 1119 4770 ad
1138 4709 1159 4763 ὓ

330 4807 434 4865 ostium
448 4806 544 4861 famuli
561 4804 610 4860 Ilei
628 4815 746 4876 aegrotus
757 4805 924 4875 illeiaceret,
937 4816 967 4862 ut
981 4807 1060 4865 locus
1071 4809 1121 4864 ob-

331 4897 404 4965 tulit,
417 4907 481 4953 autc
495 4894 544 4952 bet
557 4896 697 4951 bominem
710 4912 726 4951 a
751 4898 933 4967 portitoribus
960 4899 1018 4955 suis
1036 4899 1123 4957 dedo·

330 4998 392 5048 ctus
404 4995 447 5046 est
461 4985 628 5045 :obsederat
641 4986 715 5041 euim
728 4986 821 5041 omnia
837 4989 961 5044 membra
975 4989 1038 5059 ejus
1056 5005 1119 5046 sea·

328 5083 389 5141 bies
403 5091 430 5139 et
447 5081 574 5154 putredo,
586 5091 614 5138 et
629 5090 689 5139 erat
704 5080 870 5137 miserabilis
892 5080 962 5139 lacie
976 5091 1003 5138 et
1027 5083 1119 5139 borri-

328 5175 392 5232 tutis
407 5175 441 5233 ad
453 5174 612 5243 uidendum,
638 5185 667 5231 ut
686 5183 817 5244 tanquam
837 5174 919 5229 morti
945 5174 1053 5231 ticinus
1068 5190 1119 5245 pu-

332 5275 436 5325 taretur
452 5266 595 5338 apopulo.
625 5263 745 5321 intuitus
758 5273 851 5320 autem
868 5264 909 5319 tir
924 5264 972 5320 liei
999 5264 1027 5319 in
1042 5279 1117 5329 eum,

328 5360 430 5432 eisqui
446 5360 573 5417 eumdem
588 5357 800 5429 deportaverant
819 5358 906 5414 dixit:
922 5376 932 5410 r
951 5357 1022 5425 Quid
1043 5374 1119 5430 quaa-

327 5451 407 5507 rititi
417 5452 484 5523 quid
495 5450 578 5507 uultis
591 5460 621 5506 ut
643 5450 778 5507 laeianrus
791 5449 815 5505 ei
829 5450 842 5504 i
857 5469 867 5502 r
895 5448 1021 5506 Norrdum
1043 5451 1117 5505 euim

327 5543 431 5601 sciebat
441 5544 508 5615 quid
519 5559 585 5600 eum
596 5552 688 5600 esseut
713 5544 835 5615 rogaturi
854 5560 861 5598 :
880 5562 890 5595 ι
909 5540 966 5597 Nos
986 5556 1060 5607 vero,
1074 5544 1118 5597 in·
1136 5567 1160 5588 ··

327 5636 436 5708 quiunt,
448 5635 568 5703 domine,
581 5634 739 5691 audiuimus
763 5646 791 5691 et
803 5634 971 5692 credidimus
984 5634 1115 5704 quoniam

324 5730 485 5805 bujusmodi
498 5730 709 5796 calamitatibus,
728 5729 782 5785 tuis
794 5739 871 5800 potes
886 5730 1033 5785 subuenire
1050 5744 1115 5784 ora·

325 5824 448 5881 tionibus
473 5843 478 5879 :
506 5838 569 5880 cecc
592 5822 665 5877 lrurrc
690 5823 829 5879 luoruiuem
862 5837 944 5893 quent
968 5822 1115 5892 prospieis,

324 5916 441 5971 stultum
458 5915 538 5971 tedet
553 5914 659 5969 miserm
676 5914 738 5967 titae
762 5928 828 5967 sure.
848 5897 993 5967 Nun'euim
1023 5914 1114 5978 inaltet,

324 6023 376 6064 sec
386 6008 457 6072 natet
467 6005 666 6078 operari,uude
678 6007 789 6061 miseria
810 6020 859 6078 sua
872 6005 959 6082 possit
972 6008 1091 6063 recreari
1106 6025 1114 6060 ·.

1182 3427 1310 3473 ratusesl
1326 3419 1500 3476 miraculum.
1526 3417 1603 3475 Unde
1616 3436 1690 3476 ttunc
1703 3435 1795 3491 surge,
1811 3431 1841 3478 et
1851 3430 1900 3479 tuo
1913 3425 1983 3481 rade

1181 3512 1367 3581 recuperatori
1380 3513 1484 3583 gratias
1497 3511 1602 3567 reterre
1615 3528 1678 3567 cum
1693 3512 1825 3569 luminari
1837 3524 1865 3570 et
1878 3514 1950 3571 dero
1963 3534 1979 3571 a
1997 3581 2010 3608 r

1180 3602 1351 3656 oblatione.»
1367 3602 1401 3656 dt
1416 3602 1460 3656 ilic
1473 3603 1542 3657 nibil
1557 3612 1691 3676 rubratus,
1702 3603 1907 3662 confortatione
1921 3607 1978 3663 eibi

1180 3705 1207 3750 et
1222 3694 1322 3749 rirtute
1333 3695 1489 3764 corpusculi
1516 3696 1599 3751 simul
1623 3706 1745 3766 recepta,
1771 3697 1839 3752 alios
1860 3708 1945 3755 antec
1963 3728 1979 3741 ·

1179 3787 1243 3844 dere
1251 3787 1370 3857 propriis
1380 3787 1464 3857 ceput
1475 3789 1626 3858 gressibus,
1635 3787 1682 3858 qui
1696 3788 1790 3860 jacens
1801 3786 1975 3860 elanguens

1180 3881 1216 3936 ab
1241 3880 1303 3935 aliis
1330 3878 1421 3936 luerat
1450 3880 1635 3950 deportatus;
1658 3880 1754 3951 sieque
1779 3879 1874 3936 exilia
1902 3880 1975 3935 bora

1179 3987 1276 4029 omnes
1293 3972 1320 4026 iu
1343 3971 1404 4043 eius
1419 3986 1536 4042 corpore
1557 3971 1633 4026 nerui
1654 3987 1687 4027 ac
1709 3973 1833 4027 membra
1857 3973 1977 4028 solidata

1179 4076 1255 4133 sunt,
1269 4075 1299 4121 ut
1320 4065 1467 4120 stitutionis
1484 4065 1560 4121 illius
1577 4065 1655 4137 sigua
1668 4064 1784 4124 ulterius
1795 4065 1874 4122 nulla
1889 4082 1978 4123 rema

1178 4168 1285 4239 nerent.
1300 4157 1371 4214 llere
1387 4157 1458 4214 lrauc
1472 4172 1523 4229 ego
1540 4158 1681 4227 ¹virtutem,
1707 4157 1788 4229 juxta
1804 4159 1859 4215 mei
1876 4174 1977 4216 sensus

1179 4250 1398 4334 intelligentiam,
1422 4265 1477 4306 nun
1494 4249 1662 4332 inlerioretu
1677 4264 1791 4315 censeo,
1803 4266 1860 4321 qua
1877 4250 1976 4307 Petrus

1177 4350 1321 4421 apostolus
1349 4348 1384 4404 ad
1413 4346 1572 4417 Speciosam
1597 4355 1704 4417 portam
1721 4345 1814 4417 templi
1843 4346 1975 4403 claudum

1177 4444 1242 4498 otim
1269 4441 1356 4497 erexit
1383 4440 1526 4507 AEneam;
1555 4439 1604 4495 sed
1632 4453 1716 4510 super
1740 4437 1837 4495 omnia
1866 4438 1973 4494 ornan·-

1176 4537 1256 4592 detur
1287 4535 1360 4591 bens
1387 4545 1505 4600 noster,
1531 4533 1579 4604 qui
1613 4540 1718 4589 tantam
1752 4531 1884 4587 virtutem
1912 4532 1973 4587 suis

1176 4636 1287 4698 prestat
1301 4626 1420 4694 dilectis,
1437 4635 1468 4681 ut
1492 4640 1541 4695 per
1552 4639 1601 4680 eos
1617 4624 1682 4679 talia
1704 4622 1834 4695 dignetur
1849 4623 1970 4694 operari.

1173 4722 1270 4776 limen.

1211 4811 1257 4866 55.
1278 4808 1384 4881 Lingua
1399 4808 1503 4865 sterilis
1520 4807 1612 4865 deiic't
1622 4816 1713 4866 tantas
1725 4812 1794 4867 tanti
1806 4813 1862 4869 riri
1886 4813 1970 4869 audi·

1175 4911 1217 4959 tas
1232 4902 1345 4973 cupiens
1360 4916 1493 4957 enarrare
1504 4903 1633 4959 uirtutes.
1651 4902 1803 4974 Cuiusdam
1817 4908 1895 4961 euim
1908 4922 1970 4961 arza-

1174 5003 1259 5050 tronae
1285 4993 1358 5049 tilius
1386 5003 1545 5050 contractus
1560 4995 1650 5065 capite
1663 4992 1819 5052 Brautomis
1846 4997 1970 5066 graviter

1158 5085 1326 5158 ¹laborabat,
1350 5087 1399 5160 qui
1424 5087 1478 5143 tale
1505 5088 1632 5145 videlieet
1657 5088 1768 5144 mium
1794 5088 1968 5145 iuflrruitatis

1173 5181 1340 5250 incurrerat,
1353 5189 1383 5236 ut
1392 5190 1476 5251 caput
1488 5180 1549 5251 ejus
1563 5195 1580 5237 a
1594 5180 1660 5236 laera
1672 5180 1785 5251 scapula
1793 5182 1967 5247 'adhaereres

1172 5260 1453 5344 cetumque'rtdere,
1474 5272 1528 5328 nisi
1542 5272 1700 5342 resupinus,
1724 5286 1899 5343 nequaquam
1914 5289 1967 5328 ra·

1170 5362 1249 5420 leret.
1266 5362 1318 5432 Qui
1336 5364 1403 5421 dum
1416 5373 1496 5420 nocte
1508 5361 1676 5432 quadamex
1699 5362 1752 5419 bac
1766 5363 1863 5419 eadem
1889 5362 1968 5419 iudo

1171 5455 1379 5524 mitateiaceret
1399 5453 1538 5524 fatigatus,
1558 5454 1647 5508 uisum
1667 5462 1709 5509 est
1727 5452 1780 5508 sibi
1791 5454 1966 5524 quoniantsi

1169 5548 1203 5602 ad
1217 5546 1265 5602 Dei
1280 5545 1415 5602 tannturn
1430 5561 1552 5616 praesens
1567 5544 1677 5611 luisset,
1694 5544 1811 5601 salutem
1825 5545 1966 5602 arnonae

1168 5639 1326 5708 recepisset.
1354 5637 1432 5693 ilaue
1455 5652 1521 5709 ergo
1548 5636 1638 5704 iacto,
1666 5646 1696 5693 ut
1720 5636 1832 5692 tuaest
1854 5638 1967 5695 reddita

1167 5732 1281 5795 mundo,
1306 5712 1370 5783 nun
1387 5728 1548 5798 perterritus
1574 5728 1683 5795 timuit,
1708 5736 1789 5783 etex
1810 5728 1965 5786 attteuune

1167 5836 1278 5876 sumens
1307 5819 1450 5875 audaciam
1478 5820 1634 5885 exaudierit,
1658 5820 1772 5891 suisque
1796 5821 1969 5891 pareruibus

1166 5911 1255 5966 dixit:
1277 5930 1285 5961 r
1302 5909 1400 5975 Quaero
1413 5912 1514 5968 eterrim
1529 5911 1596 5982 quid
1611 5927 1678 5967 tuem
1702 5911 1857 5967 iullrtuitati
1872 5917 1965 5983 posth

1168 6004 1305 6075 palpando
1326 6003 1442 6073 atedcri,
1457 6004 1503 6074 qui
1516 6012 1691 6062 contractum
1703 6003 1906 6062 ittuuonndo
1916 6021 1963 6062 aa·
