4584 6767
381 599 446 654 tatl
1013 586 1204 647 cutttatttl
1224 588 1389 647 basulam
1963 596 2032 654 titt

380 721 453 778 rant,
466 726 525 768 nso
537 710 681 777 miraculo,
693 723 749 780 prae
759 707 859 780 gaudio
870 705 933 763 berc
946 716 1098 778 coeperunt.
1112 706 1174 773 Quo
1189 707 1212 763 ι
1225 703 1304 770 Nara,
1322 706 1344 764 si
1374 715 1460 761 totum
1485 704 1645 775 proderetur
1659 705 1686 762 in
1702 707 1813 777 publico
1824 707 1907 779 quod
1927 709 2032 780 singuli

381 802 465 870 facto,
486 804 528 857 rir
548 800 656 856 Domini
675 800 765 871 colligi
783 813 898 869 puerum
922 796 996 866 lecit,
1020 810 1173 866 omnesque
1223 800 1345 870 quique,
1367 800 1432 854 duur
1455 800 1571 856 fideliter
1595 811 1721 871 poscunt,
1736 803 1858 860 latenter
1873 803 2030 874 accipiunt.

381 893 484 963 pariter
499 906 622 946 remeare
633 907 695 946 cum
709 890 755 944 illo
771 890 804 945 ad
819 889 929 961 propria
946 888 1040 958 iussit.
1056 885 1090 942 Et
1104 899 1173 943 con·
1224 901 1251 947 et
1267 893 1405 948 occultum
1421 892 1520 948 retinet
1541 892 1711 949 conscicntia
1726 894 1900 963 multorum,
1916 894 1954 952 ad
1979 896 2032 954 boe

382 967 479 1039 festim'
491 990 634 1053 surgentes
648 990 775 1052 parentes
788 981 848 1051 ejus
859 980 980 1065 tulerunt
990 980 1023 1036 de
1035 994 1090 1050 quo
1100 979 1175 1048 Jaoe-
1225 999 1294 1056 pene
1310 985 1486 1040 scribendum
1511 985 1570 1041 dies
1586 1001 1683 1043 omnes
1702 985 1763 1046 titae
1782 986 1893 1048 nostrae
1907 988 2030 1048 arbitra·

333 1073 343 1092 ⁸
381 1074 429 1132 bat
440 1075 501 1131 loco
513 1090 640 1145 puerum,
653 1083 681 1130 et
695 1074 823 1130 abierunt
837 1073 865 1129 ln
883 1074 995 1129 domum
1010 1088 1100 1139 suam,
1115 1089 1175 1130 ma·
1225 1095 1288 1136 mor
1300 1079 1412 1133 minime
1425 1078 1547 1134 sulficere
1560 1094 1653 1150 posse.
1667 1079 1740 1141 lntcr
1749 1090 1850 1137 caetera
1869 1096 1940 1137 rero
1952 1082 2030 1151 sigua

383 1167 545 1239 gnilleantes
559 1176 587 1223 et
600 1167 744 1224 laudantes
758 1167 854 1235 ileum,
867 1176 894 1225 et
908 1168 1035 1225 dicebant
1051 1185 1059 1222 a
1079 1186 1088 1220 e
1103 1165 1174 1234 Quia
1226 1189 1258 1233 ac
1268 1172 1399 1229 beneficia
1414 1188 1476 1243 quae
1490 1187 1547 1235 suae
1559 1172 1602 1226 ιιι
1613 1172 1721 1228 lloutini
1733 1171 1901 1230 conferebat
1915 1175 2031 1245 propiu-

382 1276 447 1317 rere
470 1260 589 1317 vidimus
604 1260 741 1329 mirabilia
766 1260 857 1317 hodie.
874 1280 883 1314 r
903 1259 975 1316 Puer
995 1274 1092 1316 veroa
1115 1260 1176 1313 lan·
1226 1265 1335 1337 quitari,
1350 1280 1399 1335 pro
1410 1281 1520 1321 summo
1531 1272 1620 1320 tamen
1636 1277 1721 1321 unum
1739 1264 1816 1322 illius
1828 1266 1935 1328 incolae
1949 1277 2030 1325 terre

384 1369 470 1426 guare
485 1369 538 1410 suo
550 1354 747 1410 convalescens
762 1353 848 1422 crevit
862 1363 889 1409 et
907 1352 1034 1425 profecit,
1047 1361 1075 1409 et
1090 1368 1176 1409 sanus
1226 1364 1308 1425 atque
1324 1354 1417 1409 affines
1442 1353 1574 1424 replicare
1589 1352 1723 1409 soleltant.
1738 1352 1827 1434 Agros
1850 1371 1954 1413 omncs
1972 1357 2029 1414 affi-

382 1448 518 1517 lautusque
534 1447 714 1517 inposterum
735 1446 929 1503 diutinsrixit.
949 1444 1175 1516 Perpendendum
1227 1446 1322 1502 nitatis
1355 1462 1432 1511 suae,
1456 1455 1486 1501 ut
1508 1461 1524 1502 a
1546 1445 1701 1502 senioribus
1723 1448 1828 1503 nostris
1852 1449 2028 1519 audirimus,

315 1565 318 1570 ·
383 1538 468 1608 equod,
484 1549 594 1614 propior
609 1553 736 1625 magnam
753 1547 861 1609 patrum
887 1538 979 1605 iidem,
994 1538 1102 1609 plenam
1128 1537 1177 1594 dlii
1228 1538 1333 1612 grando
1349 1538 1487 1610 regionem
1504 1538 1586 1595 istam
1602 1538 1629 1593 in
1651 1538 1731 1594 antris
1745 1540 1897 1616 praeteritis
1917 1551 2030 1600 vastare

384 1632 525 1700 percipere
541 1640 700 1694 meruemnt
718 1633 889 1708 sospitatem.
902 1629 981 1687 Unde
996 1632 1077 1687 datur
1096 1631 1177 1688 nobis
1228 1641 1419 1705 cotrsoererat,
1440 1646 1501 1700 quae
1527 1638 1583 1685 tam
1608 1631 1727 1701 gratiter
1751 1631 1881 1699 cadebat,
1904 1642 1937 1689 ut
1961 1634 2030 1689 nibil

384 1722 499 1794 intelligi
516 1722 580 1791 quia
597 1723 714 1792 perfecta
736 1724 803 1779 llles
817 1723 909 1778 onmia
923 1740 984 1794 qnae
997 1722 1117 1795 perfecte
1129 1723 1178 1784 de·
1230 1728 1341 1795 ibidem,
1355 1743 1418 1782 euru
1434 1727 1562 1792 venisset,
1575 1727 1751 1797 relinqueret.
1763 1724 1829 1788 Post
1842 1728 1920 1785 illam
1934 1740 2029 1786 aretem

387 1814 491 1868 siderat
512 1814 627 1885 adipisci
652 1824 755 1885 potest,
770 1807 848 1884 juxta
869 1817 942 1887 qnod
964 1816 1097 1873 Dominus
1115 1817 1176 1872 ait:
1229 1820 1314 1887 diem,
1330 1821 1490 1895 cumtbomo
1505 1818 1552 1874 bei
1564 1820 1681 1889 primum
1697 1820 1793 1889 pedem
1811 1820 1839 1875 in
1855 1820 1919 1877 loco
1935 1824 2028 1894 posuit

388 1902 486 1957 Orrraia
499 1905 637 1974 possibilia
648 1914 709 1959 runt
720 1905 837 1959 credenti
850 1906 947 1977 (flore.
964 1907 1013 1979 tal.
1027 1912 1124 1964 Amen.
1231 1914 1288 1981 illo,
1305 1928 1444 1984 trurtquam
1461 1911 1561 1966 ibidem
1578 1921 1736 1983 tempestas,
1751 1911 1857 1988 ipsein
1877 1929 1967 1969 carne
1981 1917 2028 1971 de·

1231 2016 1321 2080 gente,
1336 2004 1445 2062 cecidit.
1474 2003 1527 2059 Sed
1551 2002 1711 2071 adveniens,
1734 2012 1765 2060 ut
1785 2015 1851 2060 ante
1873 2021 2029 2064 consuere-

1232 2107 1284 2163 rat,
1302 2105 1329 2152 et
1342 2095 1421 2169 quasi
1440 2094 1540 2150 timens
1554 2095 1685 2166 praeteriit
1697 2103 1724 2151 et
1738 2089 1908 2153 verecunda.
1928 2097 2028 2156 aneo.

1267 2190 1311 2247 fd.
1327 2189 1462 2245 Caeterum
1477 2187 1543 2259 qnid
1558 2202 1610 2243 nos
1623 2187 1651 2243 in
1665 2187 1746 2243 laude
1763 2188 1864 2260 ejusct
1877 2190 2028 2262 giuriaco

1232 2297 1341 2349 naruttr,
1365 2281 1439 2351 quod
1462 2279 1593 2349 perlicere
1616 2280 1776 2341 nescimus?
1803 2280 1865 2352 lpse
1886 2284 1964 2338 enim
1988 2293 2028 2340 est

1230 2375 1292 2429 laus
1305 2382 1331 2430 et
1349 2373 1436 2445 gloria
1449 2372 1520 2444 ejus,
1537 2372 1616 2442 cujus
1629 2370 1689 2427 laus
1704 2371 1740 2427 ab
1752 2387 1801 2428 ore
1812 2372 1875 2443 ejus
1888 2384 2026 2446 nusquam

1231 2466 1357 2522 recessit.
1384 2464 1551 2534 competens
1567 2461 1691 2535 profecto
1716 2472 1777 2519 erat
1800 2465 1904 2521 diuinae
1931 2467 2028 2537 digna-

1232 2561 1310 2626 tioni,
1325 2559 1405 2629 eujus
1421 2559 1621 2615 mirificabatur
1644 2559 1759 2630 spiritns
1774 2558 1803 2614 in
1817 2559 1909 2628 coelis,
1926 2559 2027 2616 talibus

1232 2653 1322 2709 taliter
1342 2652 1428 2723 siguis
1444 2653 1471 2707 in
1489 2667 1605 2723 corpore
1620 2653 1762 2708 mirificari
1778 2653 1807 2709 in
1822 2655 1918 2711 terris.
1933 2652 2028 2725 ltaque

1232 2746 1394 2801 meritorum
1411 2754 1485 2800 tattta
1501 2746 1650 2801 ereduntur
1673 2745 1803 2817 insignia,
1815 2747 1893 2817 quod
1907 2763 1966 2802 non
1982 2764 2027 2804 sn·

1231 2839 1288 2894 lum
1314 2854 1369 2893 non
1393 2837 1683 2908 praevalentorplieari
1701 2853 1838 2905 retenone,
1854 2854 1954 2895 rerum
1980 2857 2028 2897 nie

1232 2931 1290 3002 ipsa
1307 2942 1412 3002 queunt
1435 2931 1554 2986 bumana
1576 2930 1769 3002 comprehendi
1791 2931 1958 2989 subtilitate.
1979 2932 2028 2989 ιίὴ

1232 3037 1305 3090 ιιιιιι,
1317 3021 1447 3092 qnoniam
1459 3036 1550 3076 sermo
1558 3020 1636 3089 juata
1650 3020 1724 3091 quod
1734 3021 1768 3076 dc
1780 3021 1836 3076 uita
1850 3022 1915 3093 ejus
1928 3038 2028 3094 prope-

1234 3114 1342 3170 suimus
1364 3112 1478 3182 exsequi
1501 3111 1652 3167 clausulam
1668 3112 1736 3182 petit
1757 3112 1920 3182 specialem,
1937 3123 2027 3172 umen

1233 3224 1317 3263 unam
1329 3219 1410 3278 atquc
1422 3207 1582 3279 praeclaram
1597 3207 1675 3263 tobis
1688 3207 1778 3263 adbuc
1792 3208 1931 3265 visionem
1945 3225 2028 3281 quant

1235 3299 1262 3355 in
1276 3300 1378 3356 exstasi
1394 3300 1511 3371 positus,
1536 3298 1584 3356 scd
1609 3300 1712 3372 apertis
1727 3299 1818 3355 oculis
1834 3300 1965 3372 utrisque
1981 3302 2029 3359 bo·

422 2039 467 2095 ti.
485 2038 556 2111 Ergo
568 2041 732 2112 quibusdam
748 2044 853 2099 exactis
870 2060 931 2114 quae
950 2060 998 2115 per
1011 2046 1121 2102 beatum
1137 2047 1179 2102 ri·
1195 2054 1215 2111 lt

387 2146 448 2188 rum
465 2133 537 2187 eirca
552 2134 621 2190 alios
635 2143 709 2204 gesta
725 2144 799 2202 sunt,
815 2138 1009 2207 aggrediamur
1023 2154 1107 2194 unum
1122 2156 1180 2194 me-

387 2222 521 2277 morabile
536 2222 571 2279 de
587 2223 712 2293 pluribus
729 2234 755 2280 et
770 2229 920 2297 petrosum
937 2230 1088 2297 miraculis,
1104 2232 1178 2300 qttoil

388 2316 421 2371 nd
434 2317 494 2386 ejus
503 2331 597 2373 rocem
612 2320 698 2389 gratia
710 2323 783 2375 circa
795 2321 883 2390 ipsum
895 2330 923 2377 et
937 2324 1082 2392 quemdam
1094 2324 1178 2378 aliurn

388 2416 431 2463 ert
464 2417 574 2476 operata
600 2409 704 2463 diuina.
741 2409 862 2481 Contigit
893 2420 986 2465 autern
1020 2421 1050 2467 ut
1082 2410 1178 2467 eodem

389 2509 511 2569 ternpore
527 2500 612 2555 isdem
629 2499 677 2555 bei
697 2499 817 2557 famulus
832 2503 950 2573 eiusque
960 2503 1075 2574 ianitor,
1091 2520 1179 2560 unus·

388 2591 507 2661 quisque
518 2591 551 2645 ad
563 2591 663 2645 dictam
678 2606 757 2646 suam
769 2592 1050 2674 cellulam,gratibus
1061 2593 1181 2665 grauiter

388 2682 532 2739 laborabat
551 2682 683 2740 febribus.
707 2682 766 2739 Una
791 2686 901 2755 quidem
924 2688 1031 2743 dicrum
1053 2704 1115 2743 cum
1139 2689 1182 2743 ιιι

389 2775 499 2831 Domini
523 2776 624 2833 febrire
650 2778 792 2847 inciperet,
818 2788 846 2834 et
871 2781 1044 2836 veliementer
1062 2782 1180 2849 anxiari,

390 2876 507 2926 atratum
525 2870 668 2941 proprium
685 2880 714 2925 ut
739 2872 834 2929 leviter
858 2873 973 2929 sufferre
997 2882 1088 2945 posset
1104 2873 1181 2929 dolo-

390 2978 448 3017 rem
462 2962 594 3030 introivit,
613 2964 770 3034 huiusmodi
794 2966 861 3021 satis
885 2966 1005 3022 amicant
1029 2966 1180 3038 languori:

390 3055 535 3110 obsederat
550 3072 612 3111 eum
628 3057 707 3113 dolor
722 3058 849 3114 assiduus
862 3075 925 3114 cum
941 3060 1049 3125 ardore,
1065 3061 1182 3130 sitisque

391 3149 571 3206 itrtulerabilis
582 3163 644 3207 cum
657 3152 754 3221 capitis
766 3153 901 3209 anxietate
913 3154 1007 3210 nimia.
1020 3153 1182 3226 AEgrotanlc

391 3248 483 3295 autem
507 3256 541 3294 eo
564 3257 597 3297 ac
623 3242 796 3298 febricitante
810 3246 872 3301 loco
888 3246 916 3301 in
939 3247 995 3310 illo,
1015 3248 1048 3302 ad
1074 3259 1181 3318 portam

392 3347 456 3388 ecce
478 3329 567 3387 faetus
589 3343 632 3387 est
650 3336 768 3390 sonitus.
785 3335 845 3403 ero
857 3350 1009 3408 comperto,
1023 3339 1136 3409 janitor,
1153 3350 1182 3395 ιιι
1340 3393 1485 3464 diligenter
1508 3393 1566 3464 ipse
1577 3393 1695 3464 mem,
1711 3393 1874 3464 priusqmm
1890 3392 2029 3450 wguqup„

1236 3495 1337 3541 nostrae
1351 3485 1432 3541 finem
1447 3486 1598 3556 suscipiant
1609 3486 1642 3540 ad
1656 3487 1839 3541 cruentandam
1852 3501 1918 3543 ecee
1931 3502 2029 3558 aggre

1235 3578 1328 3632 dimur
1343 3578 1426 3632 riam.
1442 3575 1529 3648 liujus
1543 3577 1628 3647 igitur
1641 3577 1761 3648 praedlcti
1776 3577 1872 3633 famuli
1886 3577 1934 3633 Dei
1948 3578 2029 3643 fami,-

1236 3667 1401 3725 liarissimus
1420 3666 1471 3722 fuit
1484 3666 1573 3723 Guido
1587 3668 1622 3723 de
1633 3666 1741 3724 lliliaco
1754 3666 1835 3724 frater
1847 3670 2029 3735 venerabilis,

393 3791 480 3848 Lento
494 3794 567 3848 enim
593 3794 658 3850 illuc
669 3795 773 3866 janitor
787 3798 910 3867 pervenit
932 3800 1184 3871 gressu,quon1aru
1237 3760 1284 3864 qui
1308 3760 1433 3864 amem,
1463 3768 1565 3863 ΨΜ
1587 3759 1712 3864 Ι’,“Μι“ω
1735 3758 1875 3831 faigm
1895 3760 2031 3864 ,³dmoni'

393 3883 491 3938 codem
516 3884 690 3940 incommodo
713 3885 824 3955 depasta
844 3886 905 3956 ejus
918 3886 974 3956 jam
990 3901 1059 3956 pene
1074 3884 1184 3940 fuerant
1237 3865 1310 3908 '¹⁰⁰⁰
1326 3862 1456 3924 ⁵⁰⁵⁰⁰¹¹¹¹·
1470 3869 1496 3906 '¹¹
1508 3867 1564 3923 ‘¹⁸¹⁰
1574 3861 1656 3907 emm
1669 3850 1811 3908 ²b⁰⁰d⁸¹¹¹
1825 3867 1952 3923 ’W'me
1965 3870 2031 3908 ‘⁹¹¹'

393 3976 527 4030 membra.
543 3974 604 4043 Quo
620 3975 724 4041 andito,
741 3975 915 4044 aitsanctus,
932 3974 1104 4048 dedignando
1119 3978 1185 4032 sub·
1235 3947 1309 4001 ‘5¹⁰⁵
1320 3954 1402 4048 ΜΨ
1417 3946 1553 3999 ⁰¹³¹¹m¹⁰⁸
1563 3943 1680 4014 ⁰⁵²3q¹¹i
1690 3944 1830 4050 ‚nhffin'm
1844 3952 1954 4050 mssa!
1969 3946 2032 4051 'if'

372 4081 376 4088 ·
393 4067 465 4134 risit,
481 4077 509 4123 et
525 4067 586 4123 ait:
607 4088 617 4118 r
634 4066 715 4123 bliser
729 4078 772 4124 est
786 4085 852 4125 sane
872 4077 900 4125 ct
922 4071 999 4125 valde
1014 4070 1121 4137 debilis,
1137 4072 1184 4141 qni
1237 4055 1294 4094 ⁵¹¹ae
1305 4047 1403 4094 'nem
1423 4051 1588 4107 ¹¹¹⁰r⁰¹¹¹q¹¹⁰
1605 4034 2029 4109 m³ss⁰¹¹¹¹d¹⁰⁸3·‘mmmm'

393 4160 428 4214 ab
443 4160 688 4232 inquietationibus
703 4171 758 4216 lam
774 4162 851 4217 ranis
864 4171 890 4218 et
905 4162 1012 4219 frivolis
1029 4170 1061 4219 se'
1074 4162 1184 4235 fatigari

384 4253 525 4323 ,parrnittit
542 4271 548 4307 :
564 4252 654 4320 laudo,
671 4254 770 4326 inquit,
786 4254 880 4320 frater,
897 4265 924 4312 et
939 4257 1001 4311 rolo
1020 4269 1053 4311 ne
1068 4258 1185 4328 amplius

351 4375 355 4382 ·
393 4344 494 4399 amodo
508 4360 689 4416 aggravemur
704 4348 738 4401 ab
752 4346 802 4402 eis.
823 4365 832 4398 r
857 4345 880 4401 0
898 4346 1061 4403 admiranda
1085 4363 1130 4403 res
1158 4359 1186 4403 et

395 4441 569 4496 veneranda!
586 4456 668 4511 porro
691 4442 751 4512 ejus
775 4442 877 4498 dictum
901 4443 992 4499 statim
1009 4442 1186 4515 subsequitur

395 4532 517 4600 factum;
535 4550 598 4588 nam
614 4535 747 4590 incudem
762 4538 829 4591 hora
843 4536 885 4590 vir
896 4535 1004 4592 Domini
1019 4535 1093 4592 foras
1108 4552 1187 4607 egre·

393 4625 470 4681 ditur
484 4640 580 4682 sanus.
595 4626 671 4681 Alter
685 4640 750 4682 tero
763 4626 810 4697 qtti
824 4635 883 4683 crat
899 4630 1007 4699 maguis
1018 4628 1143 4687 febribus
1158 4630 1186 4684 in

333 4720 339 4732 “
393 4719 520 4789 proximo
545 4716 740 4783 laboraturus,
769 4718 804 4774 ab
827 4720 867 4778 eis
887 4721 1016 4778 similiter
1036 4722 1225 4809 incolumis„

393 4811 523 4881 deinceps
542 4812 645 4867 mansit
657 4820 740 4884 atque
753 4828 878 4869 securus.
893 4813 953 4881 Qua
974 4814 1009 4871 de
1021 4830 1061 4879 re,
1078 4815 1185 4871 cbaris-

393 4902 468 4969 simi,
484 4902 567 4958 datur
581 4904 662 4960 uobis
673 4903 787 4974 intelligi
802 4904 868 4975 quia
883 4904 1004 4962 ebaritas
1015 4905 1082 4961 nibil
1096 4905 1186 4976 possi·

391 4998 459 5055 dcre
480 5012 544 5055 cum
565 5000 692 5071 angustia
709 4998 795 5058 norit.
819 4998 876 5054 Sibi
893 5000 995 5070 quippe
1017 5008 1044 5054 et
1058 5000 1186 5069 proximo

393 5099 505 5162 propter
527 5089 613 5146 ιιιιιιιι
630 5092 764 5163 proicere
779 5091 875 5157 voluit,
898 5091 1027 5161 quoniam
1040 5099 1082 5147 ,et
1104 5090 1185 5146 aliter

393 5182 534 5253 plenitudo
550 5196 605 5239 non
629 5193 704 5239 esset
727 5183 839 5255 legalis3
854 5182 901 5256 qui
927 5182 1001 5239 enirn
1025 5182 1183 5254 proximum

390 5275 492 5348 diligit,
507 5277 593 5348 legem
607 5276 741 5348 implerit.
756 5277 855 5334 amen

392 3425 492 3493 potuit,
507 3425 541 3479 ad
554 3439 616 3478 eum
629 3424 703 3479 teuit
718 3425 813 3481 dicens
830 3446 836 3481 :
856 3446 866 3479 t
886 3426 934 3494 Su,
947 3444 990 3490 su,
1002 3430 1105 3500 surgito
1116 3432 1181 3495 cito,
1196 3405 1218 3466 C
1234 3410 1327 3460 nm·

393 3518 429 3584 ci,
442 3518 478 3585 ei,
495 3517 550 3572 cito
566 3518 679 3590 surgite,
697 3518 827 3575 dontinus
841 3520 918 3576 adest
933 3519 1061 3578 Gufridus
1080 3521 1184 3578 Burde-

391 3608 511 3681 galensis·
521 3611 745 3690 archiepiscopus
757 3611 824 3683 (tlt,
835 3622 953 3669 vestram
961 3616 1071 3686 quidem
1085 3614 1183 3672 faciem

393 3700 485 3755 ridere
500 3702 624 3786 cupiens,
642 3711 669 3757 et
685 3703 826 3759 nobiscum
842 3706 968 3762 conferre
983 3723 1151 3763 sermonem.
1172 3728 1182 3762 r

1237 4140 1269 4186 ut
1282 4131 1392 4194 dieitur,
1409 4128 1481 4199 apud
1503 4144 1566 4184 eum
1590 4132 1798 4201 praerogativam
1824 4128 1898 4190 inter
1921 4129 2030 4185 alioset

1237 4232 1301 4278 ante
1314 4221 1443 4288 obtinuit,
1467 4221 1547 4292 cujus
1572 4237 1623 4277 noe
1643 4236 1754 4291 quoquc
1771 4220 1924 4277 didicimus
1934 4238 2030 4280 narra·

1238 4316 1323 4381 tione,
1338 4314 1411 4385 quod
1430 4328 1584 4381 narramus,
1604 4313 1684 4384 quasi
1699 4312 1740 4368 ιιι
1755 4312 1867 4368 flumini
1882 4329 1956 4384 saepe
1968 4329 2029 4370 cct-

1237 4409 1279 4465 dis
1291 4420 1398 4464 secreto
1410 4417 1437 4464 et
1453 4408 1510 4464 oris
1532 4422 1594 4463 eum
1613 4421 1665 4462 usu
1681 4403 1879 4462 familiaritatis
1893 4405 2029 4461 laetificare

1238 4499 1353 4555 solebat.
1369 4498 1483 4555 Factum
1496 4507 1539 4553 est
1552 4497 1670 4567 quodam
1684 4504 1818 4567 tempore,
1839 4504 1871 4550 ut
1895 4494 2030 4554 visitatio·

1238 4592 1282 4648 nis
1297 4591 1388 4648 studio
1413 4591 1447 4647 ad
1469 4599 1608 4661 pastorem
1630 4596 1756 4658 nocuum
1778 4586 1808 4641 in
1828 4584 2030 4643 Grandiuscula

1237 4682 1320 4738 ambo
1343 4680 1457 4737 insimul
1481 4678 1670 4737 convenirent.
1696 4676 1726 4732 ln
1750 4675 1904 4734 aasdnuor
1926 4685 2029 4744 ιιιιω,

1238 4773 1427 4831 benedictione
1443 4781 1563 4844 recepta,
1587 4771 1616 4826 in
1635 4770 1727 4842 primo
1748 4768 1874 4832 diluculo
1900 4785 1964 4827 cuur
1988 4784 2031 4827 ιο-

1238 4883 1331 4925 meare
1344 4867 1505 4938 coepissent,
1517 4866 1666 4922 missarum
1678 4863 1814 4927 solemnia
1827 4863 1959 4920 audiendi
1970 4877 2031 4935 gra·

1238 4963 1275 5017 tia
1291 4960 1445 5031 fratresque
1457 4958 1578 5025 ridendi,
1592 4965 1773 5031 properantes
1784 4956 1960 5013 diverterunt
1973 4954 2031 5016 Ιι·

1238 5064 1339 5110 retum.
1356 5053 1422 5109 Erat
1444 5052 1602 5109 cnim'dies
1622 5049 1712 5111 festus
1731 5048 1897 5108 liurclcneit
1907 5048 2031 5105 rectore

1237 5146 1430 5214 dedicationis,
1444 5142 1655 5217 quorridclicet
1665 5141 1844 5200 advenientes
1859 5140 1936 5197 bono
1946 5148 1976 5196 ct
1989 5140 2031 5197 lai·

1193 5265 1199 5272 ·
1238 5238 1289 5295 lari
1304 5238 1392 5304 tulto,
1407 5245 1438 5293 ot
1452 5235 1577 5302 decebat,
1592 5232 1693 5291 fratres
1705 5241 1900 5303 susceperunt,
1912 5233 2032 5291 multu!

1239 5331 1388 5405 gaudentes
1405 5348 1412 5385 :
1429 5336 1459 5385 ct
1479 5325 1569 5400 prima
1582 5324 1729 5396 completa,
1740 5324 1837 5380 denote
1856 5332 1885 5380 et
1899 5322 2032 5381 solemni·

431 5411 474 5479 lt.
491 5422 546 5480 Sed
569 5423 635 5497 qnid
651 5440 735 5497 super
748 5423 912 5496 frigoreticis
928 5425 991 5482 aliis
1015 5435 1043 5483 ct
1066 5425 1185 5483 infirmis
1239 5437 1280 5481 ter
1295 5424 1442 5479 missarum
1464 5418 1606 5474 introitum
1623 5416 1735 5487 inooepir
1759 5414 1866 5488 primus
1888 5415 2032 5483 utemur.

391 5514 556 5579 referamus,
572 5518 674 5588 quibus
690 5527 745 5572 mm
765 5517 895 5572 velociter
916 5517 1055 5573 invenitur
1078 5518 1184 5574 medela
1240 5525 1270 5571 ut
1290 5516 1359 5573 tanti
1384 5512 1508 5587 mysterii
1526 5509 1679 5568 rcrerentia
1695 5507 1872 5580 exposcebat,
1900 5515 1928 5564 el
1953 5508 2032 5565 ordo.

393 5625 476 5681 quam
489 5610 603 5666 lldelitcr
619 5609 700 5668 fuerit
714 5611 843 5681 inquisita
854 5610 867 5668 f
878 5611 917 5667 lle
928 5611 1031 5684 quibus
1044 5610 1184 5681 sigillatim
1239 5608 1403 5682 llnjusmodi
1428 5622 1493 5664 sero
1511 5621 1621 5677 seraper
1639 5604 1783 5663 memorati
1801 5602 1854 5658 riri
1876 5610 1940 5658 crat
1965 5617 2034 5662 een·

395 5698 511 5755 multum
526 5700 600 5770 qnod
615 5700 792 5771 loqueremur
816 5711 895 5769 erat;
919 5704 978 5771 sed,
996 5703 1107 5773 quina-l
1131 5703 1184 5757 alia
1239 5703 1377 5771 suetudo,
1405 5710 1437 5757 ut
1464 5701 1561 5757 oculos
1590 5713 1657 5756 suos
1681 5698 1715 5754 ad
1743 5697 1830 5753 altare
1856 5694 1885 5750 in
1915 5695 1967 5750 tali
1994 5694 2036 5749 di·

394 5788 578 5859 festinamus,
601 5793 700 5850 exinde
720 5796 860 5852 cornicem
883 5795 985 5851 melios
1013 5794 1183 5867 putarimus.
1240 5797 1338 5867 rigeret
1361 5795 1429 5851 bora
1447 5793 1578 5848 intentius
1598 5806 1630 5848 ac
1646 5788 1790 5846 sollicitius
1806 5801 1892 5859 quarn
1917 5785 1948 5842 iu
1969 5786 2033 5842 aba.

432 6014 489 6080 tall
516 6015 630 6070 Exstant
652 6021 685 6068 ad
702 6029 764 6071 eum
779 6012 809 6069 S.
833 6013 962 6071 bernardi
990 6022 1016 6071 et
1033 6011 1105 6071 l‘etri
1127 6013 1295 6074 Venerabilis
1324 6014 1430 6072 abbatis
1451 6010 1642 6070 cluniacensis
1660 5982 1790 6082 epistola.
1814 6006 1935 6065 Ριῑιιιι
1951 6006 2037 6079 erepit

397 6084 524 6143 Ecclesiae
538 6085 727 6159 burdigalensi
749 6100 822 6144 anno
837 6085 914 6141 ttae.
