4584 6767
818 612 928 672 195

1809 610 2088 669 unimam
2122 612 2181 669 s,
2221 609 2598 668 attonsum
2636 588 2836 669 mou.
2868 608 3179 668 nossem

3948 610 4051 665 ¹96

1879 790 2236 879 LIBER
2305 785 2959 877 SECUNDUS.

1319 1178 1549 1237 CAPUT
1584 1179 1870 1237 Pttmmt.

886 1272 1220 1343 ,ἂρα-11311111
1256 1273 1420 1343 igitur
1441 1274 1580 1327 oculi
1601 1273 1897 1335 amborum,
1932 1267 2384 1324 videlicetAdam

818 1372 872 1417 et
894 1362 1042 1424 Evae.
1066 1364 1156 1418 ubi
1214 1371 1547 1432 aperuerunt
1567 1362 1631 1416 ad
1658 1361 1837 1429 gulam
1858 1375 1953 1415 ora
1977 1368 2203 1414 eatenus
2225 1373 2254 1412 a
2290 1357 2385 1412 Dei

818 1454 977 1514 laude
1005 1453 1212 1509 clausa.
1240 1438 1441 1522 ingr-ati
1475 1451 1741 1520 siquidem
1780 1450 2170 1505 beneficiorum
2192 1489 2209 1514 ,
2242 1451 2387 1518 quod

819 1555 1006 1599 essent
1039 1545 1105 1600 ad
1140 1545 1430 1614 imaginem
1454 1551 1509 1598 et
1537 1542 1946 1596 sitnilitudinem
1978 1542 2217 1596 divinam
2236 1540 2387 1607 facti,

820 1635 963 1703 quod
992 1635 1196 1705 praelati
1244 1633 1484 1703 piscibus
1534 1632 1704 1687 maris
1751 1641 1807 1686 et
1836 1630 2144 1687 volatilibus
2171 1632 2298 1687 coeli
2334 1639 2390 1687 et

819 1725 1010 1780 bestiis
1052 1725 1317 1779 universoe
1352 1732 1510 1777 terrae
1530 1762 1545 1787 ,
1577 1720 1837 1789 omnique
1874 1718 2074 1788 reptili,
2098 1720 2243 1790 quod
2274 1735 2391 1775 mo-

819 1826 976 1870 vetur
1003 1814 1057 1869 iu
1103 1823 1281 1879 terra,
1310 1814 1453 1884 quod
1514 1812 1895 1866 benedictione
1926 1811 2144 1865 irrorati
2176 1813 2390 1867 dicente

821 1901 965 1958 Deo:
994 1902 1240 1969 Crescite,
1269 1913 1315 1955 et
1340 1900 1794 1970 ninftipficamini‚
1824 1908 1871 1953 et
1899 1899 2091 1969 replete
2117 1909 2312 1953 terram
2340 1907 2388 1955 et

821 1992 1065 2061 subjicite
1094 2008 1208 2046 eam
1256 1989 1409 2061 (Gen.
1443 1990 1504 2062 1),
1544 1990 1687 2061 quod
1729 1989 2047 2045 deliciarum
2081 1991 2240 2045 ltorto
2268 2005 2390 2044 mu·

827 2084 1029 2149 nerati,
1053 2098 1174 2153 quoe
1191 2083 1420 2148 amoris,
1451 2097 1570 2152 qua:
1602 2082 1897 2153 gratiarum
1929 2081 2161 2136 actionis
2182 2081 2385 2137 solem·

824 2173 911 2227 nia
939 2173 1300 2229 exbibuerunt
1323 2175 1347 2226 i
1373 2188 1493 2243 quae
1525 2173 1800 2229 immolata
1834 2175 1887 2230 in
1939 2173 2030 2228 illo
2073 2173 2392 2228 munificen-

824 2265 897 2320 tia
925 2265 1015 2321 Dei
1045 2265 1394 2321 tabernaculo
1423 2264 1830 2321 vociferationis
1858 2265 2037 2321 hostia
2062 2264 2084 2318 i
2115 2265 2257 2334 quod
2288 2264 2394 2318 im-

824 2354 1018 2409 molata
1064 2355 1238 2410 laudis
1284 2356 1653 2410 sacrificium?
1705 2354 1843 2422 Quin
1895 2355 2008 2410 imo
2077 2369 2203 2410 cum
2243 2354 2393 2409 vide-

824 2454 970 2510 rent.
998 2460 1120 2502 eum
1161 2446 1527 2515 intelligerent
1573 2455 1801 2517 propter
1830 2431 1987 2502 dolos
2034 2446 2300 2516 serpentis
2323 2457 2391 2498 ex

824 2544 974 2590 tanta
1010 2551 1071 2592 se
1100 2539 1487 2595 miserabiliter
1536 2537 1884 2594 alleviatione
1933 2536 2191 2605 dejectos,
2230 2545 2393 2605 atque

824 2624 1000 2681 factos
1051 2629 1103 2682 in
1155 2627 1549 2684 desolationem
1578 2629 1821 2699 pristiuae
1862 2629 2122 2698 puritatis
2151 2636 2204 2681 et
2234 2627 2393 2681 inno·

824 2715 1014 2769 eentiae
1035 2714 1163 2784 (jam
1188 2717 1329 2771 euim
1363 2716 1622 2784 regnabat
1640 2726 1922 2786 peecatum
1956 2719 2007 2771 in
2039 2730 2226 2771 eorum
2248 2729 2414 2780 mor<

824 2804 919 2858 tali
949 2819 1200 2876 corpore,
1232 2814 1291 2861 ιιι
1334 2807 1629 2862 obedirent
1654 2807 2120 2876 concupiscentiis
2147 2805 2287 2874 ejus,
2318 2805 2391 2859 ita

824 2900 885 2944 ut
915 2893 1208 2948 nuditatem
1234 2904 1477 2948 mutuam
1500 2894 1882 2951 erubescentes
1907 2903 2237 2951 consuerent
2262 2893 2395 2949 folia

825 2980 977 3044 licus,
1010 2991 1063 3037 et
1109 2983 1493 3038 facerent·sibi
1544 2985 1904 3054 perizomata)
1933 3001 2039 3041 non
2079 2984 2251 3040 solum
2287 2978 2410 3039 ltu-⁸

826 3070 1027 3124 militer
1056 3085 1165 3126 non
1196 3079 1638 3135 extremuerunt,
1665 3072 2124 3140 poeuitentialiter
2160 3073 2267 3126 net:
2295 3085 2395 3125 oc·

825 3168 1114 3212 currerunt
1163 3157 1229 3212 ad
1275 3172 1461 3213 vocem
1504 3158 1719 3215 Domini
1756 3160 1852 3216 Del
1898 3158 2299 3215 deambulantis
2337 3159 2393 3214 iu

767 3262 772 3266 ·
825 3249 1079 3317 paradiso
1115 3247 1181 3302 ad
1202 3261 1392 3302 auram
1416 3256 1542 3317 post
1582 3248 1885 3314 meridiem,
1916 3261 1985 3302 ao
2019 3261 2179 3317 quem
2203 3247 2395 3316 utique

827 3350 956 3394 tune
992 3338 1254 3410 profunde
1284 3337 1387 3394 sibi
1441 3338 1823 3402 dormientem.
1866 3338 2107 3408 graviter
2129 3353 2190 3394 se
2232 3338 2395 3394 dissi-

827 3430 1125 3486 mulantem
1186 3428 1474 3484 vociferari
1524 3426 1701 3483 simile
1742 3427 1869 3496 quid
1898 3427 2253 3483 debuissent:
2286 3428 2397 3482 Ese-

826 3535 998 3590 surqe,
1025 3536 1186 3591 quare
1206 3519 1491 3586 obdormis,
1529 3517 1789 3574 Domine?
1807 3534 2045 3590 exsurge,
2063 3529 2112 3575 et
2140 3534 2202 3573 ne
2231 3518 2396 3588 repel-

827 3607 907 3663 las
944 3610 998 3664 in
1044 3610 1202 3678 finem
1252 3608 1426 3680 (Psat.
1475 3609 1783 3678 natumsed
1816 3609 2224 3681 absconderunt
2251 3610 2396 3667 sein

829 3698 1007 3752 modio
1037 3697 1168 3768 ligni
1199 3699 1459 3770 paradisi.
1938 3716 1944 3722 ·

2417 1158 2464 1216 Α
2561 1171 2698 1239 Quia
2719 1184 2854 1241 ergo
2883 1168 3296 1225 declinaverunt
3330 1181 3428 1223 eor
3460 1181 3615 1222 suum
3663 1165 3716 1221 in
3745 1154 3908 1221 rerba
3938 1181 4050 1220 ma-

2489 1259 2616 1314 litiae
2640 1261 2707 1313 ad
2729 1274 2963 1315 excusati
2988 1261 3064 1315 las
3095 1258 3478 1313 exeusationes
3502 1257 3553 1311 in
3585 1257 3845 1325 peccatis,
3877 1272 4052 1310 suam·

2487 1365 2592 1420 que
2622 1351 2674 1404 in
2697 1350 2865 1404 Deum
2885 1350 3109 1418 rejicere
3152 1350 3636 1418 truttsgress³unetn
3663 1348 3765 1401 nisi
3794 1357 3944 1412 suut,
3977 1349 4059 1402 di·

2489 1451 2651 1498 ceule
2702 1443 2919 1497 Adam:
2959 1442 3172 1504 Mulier,
3210 1457 3367 1510 quam
3409 1442 3605 1494 dedisti
3653 1441 3780 1492 11ιί111·
3818 1441 4048 1502 sociam,

2488 1534 2629 1588 dedit
2658 1534 2883 1596 mi'ei‚·ct
2911 1534 3110 1586 comedi
3140 1530 3290 1601 (Gen.
3322 1531 3426 1600 111);
3457 1540 3513 1584 et
3540 1530 3802 1585 muliere:
3836 1528 4059 1596 Serpens

2487 1624 2682 1691 decepit
2712 1640 2792 1678 me
2815 1634 2863 1676 et
2889 1624 3087 1678 comedi
3115 1623 3316 1692 (ibim),
3363 1622 3542 1691 justus
3568 1621 3655 1674 ille
3682 1622 3938 1675 Dominus
3967 1619 4058 1689 qui

2487 1715 2726 1784 justitias
2761 1715 2958 1785 diligit,
2989 1713 3145 1782 cujus
3193 1713 3343 1767 videt
3371 1712 3548 1764 vultus
3577 1712 3883 1779 aequitatem
3907 1750 3923 1775 ‚
3949 1710 4060 1778 iam

2491 1807 2833 1870 commotior,
2860 1804 2974 1872 jatu
3015 1804 3259 1859 severior
3282 1819 3297 1856 ε
3320 1802 3452 1856 Ecce
3479 1802 3667 1866 Adam,
3695 1803 3887 1870 inquit,
3909 1803 4062 1872 qnasi

2494 1911 2631 1948 neatis
2672 1911 2737 1950 ex
2778 1895 2926 1949 nobis
2979 1895 3151 1963 [octus
3185 1904 3259 1948 est
3288 1894 3453 1947 sciens
3499 1894 3686 1946 bonnm
3723 1902 3770 1946 et
3828 1893 4062 1947 moltam!

2492 1983 2649 2040 Nunc
2678 1995 2849 2040 atttem
2875 2002 2937 2039 ne
2965 1985 3103 2052 [orte
3146 1985 3322 2038 mittat
3357 1999 3568 2037 nannum
3606 2002 3777 2047 suom,
3810 1997 3856 2038 et
3888 1995 4059 2037 suino!

2488 2077 2645 2128 etium
2685 2075 2749 2129 de
2792 2074 2933 2144 liquo
2965 2076 3083 2128 υἱω-
3109 2082 3157 2127 et
3186 2074 3421 2129 comedet
3443 2114 3458 2138 ,
3490 2085 3535 2128 et
3559 2076 3694 2141 vivat
3721 2076 3775 2128 in
3807 2083 4058 2128 wternum

2490 2162 2685 2233 (ibim),
2712 2165 2855 2232 quotl
2891 2161 3409 2232 subintelligendum
3451 2164 3542 2226 sit,
3579 2163 3892 2218 emittamus
3914 2179 4057 2217 eunt.

2491 2252 2598 2308 Sed
2626 2254 2769 2308 liuue
2808 2253 3003 2307 divina?
3034 2252 3320 2308 locutionis
3351 2252 3751 2324 lacrymabilem
3777 2255 3929 2308 nobis
3966 2254 4061 2308 de-

2490 2340 2717 2409 feetum,
2765 2343 3127 2413 gemituosam
3179 2342 3546 2397 acerbissima!
3576 2344 4062 2398 animadversionis

2490 2431 2903 2501 expressionem
2955 2429 3432 2500 historiographus
3464 2446 3585 2485 mox
3632 2430 3845 2499 supplet
3880 2432 4065 2484 dieen-

2490 2523 2562 2576 do
2592 2538 2608 2575 ε
2638 2520 2836 2576 Emisit
2858 2537 2975 2574 eum
3011 2520 3264 2575 Dominus
3294 2519 3437 2574 Deus
3468 2522 3532 2574 de
3553 2522 3804 2589 paradiso
3831 2521 4064 2588 volupta-

2492 2610 2580 2676 tis,
2615 2619 2670 2663 ut
2698 2618 3004 2678 operaretur
3033 2617 3250 2670 terram,
3276 2607 3341 2660 de
3374 2623 3476 2676 qna
3498 2619 3734 2675 sumptus
3756 2619 3829 2661 est
3862 2609 4059 2676 (ibim).

2492 2700 2761 2768 Quantum
2792 2715 2922 2754 vero
2949 2697 3145 2754 babeat
3181 2699 3485 2767 gravitatis,
3510 2688 3771 2767 <intantum
3803 2701 4063 2768 poinderis

2494 2791 2597 2846 hoc
2643 2804 2848 2846 sunctae
2902 2788 3195 2845 Trinitatis
3251 2790 3500 2844 dictum:
3556 2791 3690 2844 Ecce
3717 2792 3885 2843 Adam
3911 2792 4064 2861 qnasi

2494 2897 2630 2934 unm
2658 2898 2724 2936 ex
2764 2881 2911 2936 nobis
2965 2882 3142 2947 [actus
3192 2892 3288 2947 est,
3335 2883 3501 2934 sciens
3536 2883 3726 2935 bonnm
3761 2894 3810 2935 ee
3840 2887 4062 2947 malum,

2495 2972 2630 3028 satis
2659 2974 2973 3045 appendere
3011 2959 3172 3027 'nulla
3209 2988 3384 3040 mens,
3421 2973 3568 3027 nulla
3618 2974 3925 3042 exprimere
3964 2975 4065 3028 lin·

2494 3078 2598 3133 gua
2630 3071 2827 3132 potest,
2862 3079 2986 3118 enm
3017 3065 3189 3134 this
3224 3078 3321 3134 per
3369 3065 3704 3134 superbiam,
3735 3065 4064 3133 proerarica-

2496 3155 2716 3219 tionem,
2761 3146 3242 3225 impoe'uitentiam,
3281 3156 3462 3209 unitus
3484 3154 3697 3210 tliabolo
3717 3164 3876 3215 esset,
3902 3165 4065 3225 atque

2489 3244 2602 3314 iam
2632 3247 2943 3303 miserrime
2971 3249 3301 3319 experiendo
3341 3247 3543 3302 malum
3579 3247 3724 3300 seire
3754 3258 4060 3316 cogeretur,

2494 3347 2762 3405 quantum
2794 3341 3042 3394 amiserit
3070 3339 3296 3394 bonum.
3323 3338 3605 3405 Siquidem
3642 3340 3733 3406 qni
3764 3339 3962 3393 decore
4010 3349 4065 3394 et

2496 3427 2667 3497 gloria
2704 3428 2865 3506 longe
2906 3446 3072 3502 supra
3109 3431 3346 3485 liliorum
3379 3440 3501 3483 erat
3531 3430 3764 3498 gratiam
3813 3433 4065 3497 restitu5‚

2495 3533 2725 3590 quorum
2755 3528 2810 3576 et
2838 3523 2890 3576 in
2921 3522 3219 3593 Evangelio
3246 3521 3590 3576 commen-lat
3620 3532 3873 3576 ornatum
3911 3521 4064 3578 Veri-

2498 3619 2582 3664 tas
2611 3612 2999 3678 dicenszssuio
3050 3630 3142 3668 nec
3194 3607 3533 3668 Salomon'iu
3580 3613 3724 3665 omni
3771 3613 3938 3681 gloria
3970 3631 4066 3668 sno

2497 3713 2766 3768 coopertus
2809 3712 2886 3756 est
2913 3704 3044 3757 sicut
3075 3720 3239 3757 unum
3277 3718 3343 3756 ex
3392 3704 3510 3754 istis
3547 3701 3762 3770 (Matilo.
3790 3707 3884 3769 vt),
3917 3705 4068 3773 iguo-

907 3787 1045 3843 Num
1073 3803 1201 3845 vero
1221 3799 1339 3845 erat
1358 3789 1576 3860 aliquod
1594 3791 1648 3846 in
1668 3789 2003 3848 mediuillius
2017 3791 2229 3848 arboris
2264 3805 2399 3849 con·
2422 3796 2466 3855 c
2502 3790 2735 3847 miniose
2765 3792 2985 3846 nudatis
3010 3792 3230 3859 pellium
3257 3791 3369 3858 iam
3400 3807 3498 3846 usu
3533 3791 3809 3860 indigebat
3835 3800 3940 3845 tam
3971 3808 4070 3861 pro

829 3892 1044 3947 cavum,
1076 3881 1129 3935 in
1166 3895 1274 3951 quo
1305 3881 1766 3938 absconderentur
1787 3883 1894 3938 duo
1922 3884 1997 3940 illi
2023 3884 2273 3942 iverunt
2305 3884 2427 3941 ειν,

830 3972 1042 4025 sconsio
1056 3971 1179 4027 talis
1198 3971 1319 4040 plus
1340 3972 1508 4028 animi
1520 3982 1604 4028 est
1616 3973 1929 4043 accipienda
1945 3989 2109 4045 quam
2126 3977 2390 4045 corporis.

831 4056 898 4113 Et
921 4076 955 4115 o
980 4056 1250 4116 infelicem
1281 4060 1545 4116 latebram
1576 4061 1969 4128 damnationis,
2009 4065 2272 4128 obseura,
2298 4080 2400 4119 no·

725 4226 730 4231 Ι
831 4159 1085 4218 ctetuque
1135 4152 1329 4208 mortis
1355 4153 1697 4223 parienteml
1730 4151 1949 4225 Profugi
1988 4161 2208 4209 aeternae
2232 4155 2400 4210 clari·

832 4242 987 4307 tatis,
1017 4254 1073 4297 et
1096 4253 1293 4298 nostrae
1312 4245 1579 4300 caecitatis
1607 4254 1864 4316 parentes
1895 4243 2301 4300 absconderunt
2338 4258 2399 4300 se

829 4329 886 4385 in
911 4330 1091 4387 medio
1118 4329 1276 4402 ligni,
1302 4332 1429 4388 dum
1457 4331 1576 4403 ejus
1602 4334 1813 4390 scilicet
1846 4333 2249 4405 usurpationem
2274 4349 2400 4403 per-

834 4420 997 4477 tinaci
1030 4421 1339 4478 maluerunt
1385 4424 1640 4494 superbia
1687 4426 1799 4482 Deo
1828 4427 2025 4482 scienti
2054 4424 2234 4484 omnia
2264 4425 2400 4481 reti·

832 4526 960 4566 cere
985 4527 1151 4582 quam
1182 4512 1452 4582 confiteri,
1487 4524 1673 4587 utpote
1689 4518 1781 4587 qni
1810 4517 2263 4586 concupiscentiae
2284 4517 2398 4585 jam

842 4601 1086 4672 absorpti
1133 4603 1264 4659 ritlo
1310 4612 1496 4662 essent
1525 4646 1541 4674 ,
1581 4608 1726 4677 quod
1774 4623 1870 4678 per
1928 4606 2059 4662 illud
2113 4615 2401 4662 contraxe-

838 4700 982 4747 rant.
1968 4703 1974 4708 ’

1888 5017 2168 5092 Reliquum
2199 5018 2323 5073 fibri
2342 5017 2502 5088 1·qu
2522 5019 2665 5076 deest
2692 5018 2745 5075 itt
2776 5015 2975 5074 codice.

2496 3881 2717 3950 frigoris
2759 3879 3007 3936 molestia
3052 3894 3216 3949 quam
3262 3881 3585 3935 confusione
3624 3881 3818 3948 perditi
3850 3880 4071 3934 raeliba-

2509 3978 2597 4025 tus
2623 3970 2950 4039 operienda,
2977 3979 3035 4025 ul
3056 3970 3429 4039 scriptutnjest
3450 3987 3465 4025 ε
3489 3969 3638 4025 Fecit
3667 3986 3867 4041 qnoque
3885 3970 4070 4025 Domi·

2497 4078 2597 4115 ntis
2629 4060 2766 4116 Deus
2794 4042 2986 4115 'Adam
3038 4071 3086 4115 e!
3126 4061 3284 4114 uxori·
3330 4060 3446 4128 ejus
3479 4062 3685 4116 tunicas
3735 4062 3996 4128 petticeas,
4018 4071 4067 4114 et

2496 4153 2667 4206 induit
2697 4168 2784 4206 eos
2813 4151 2972 4223 (Gen.
3003 4152 3109 4220 111),
3151 4153 3203 4206 id
3231 4161 3312 4207 est
3353 4152 3582 4207 faciendi
3629 4154 3957 4208 necessitate
3989 4154 4070 4207 iu-

2501 4243 2710 4309 1011111,
2742 4245 3000 4314 quoniam
3052 4246 3268 4314 quidem
3317 4245 3542 4298 omnino
3584 4254 3733 4300 esset
3785 4245 4066 4312 incompe-

2505 4341 2625 4388 tens
2683 4349 2913 4407 summae
2969 4331 3243 4402 majestati
3300 4332 3629 4388 animalibus
3673 4331 3839 4402 pelles
3887 4331 4068 4386 detra·

2505 4425 2637 4481 ltere
2692 4434 2749 4480 et
2792 4426 3247 4482 sordiscariorum
3296 4423 3541 4480 artificio
3576 4423 3833 4477 insudare
3863 4457 3880 4485 .
3931 4433 4069 4489 prae-

2504 4520 2694 4573 sertim
2740 4524 2863 4572 cum
2907 4531 2970 4572 ea
3024 4533 3144 4588 qnae
3196 4516 3401 4573 fuerint
3452 4515 3521 4570 ad
3568 4514 3672 4570 boc
3715 4510 4020 4568 necessaria
4051 4549 4067 4576 ,

2505 4622 2672 4678 penes
2704 4606 3017 4677 angelorum
3057 4605 3304 4662 officinas
3331 4603 3546 4675 quaudo
3577 4603 3798 4662 inventa
3826 4603 3958 4661 siut.
