4584 6767
333 560 373 621 ιι
627 502 635 514 ’
747 589 751 596 -
852 553 1034 612 ιι.ιιιιιιιε
1055 551 1245 613 ιιιιιιιιιιιι
1261 548 1361 610 teon.
1381 546 1537 608 uurucut
1919 532 1966 608 'so

330 670 577 750 ratquemohqut
600 671 793 745 praetoribus·
811 685 907 729 omnes
926 687 1117 729 senserecou
1134 676 1157 734 Α
1209 672 1245 727 Ut
1267 671 1397 740 patuisset
1414 668 1552 733 omnihus,
1567 678 1649 735 quam
1665 661 1761 736 purus.
1776 680 1859 736 quoto
1891 666 1969 724 inno·

331 771 459 824 sistentes
474 766 648 822 intrinsecus.
661 762 712 818 (”ιιι
720 762 876 818 discessuro
891 764 967 819 multi
980 765 1122 834 utriusque
1173 776 1240 820 cens
1253 764 1357 816 vixerat
1383 749 1539 820 Tiehaldus.
1564 756 1709 825 qrramdam
1726 755 1824 812 luturae
1850 758 1969 829 gloriam

330 857 578 916 sexusraledicere
599 862 793 920 conuenerant,
818 855 988 926 gemitusque
1019 856 1123 911 dahant
1173 851 1427 915 resurrectionisae
1452 850 1600 904 demutatae
1620 854 1748 902 naturam
1780 848 1875 904 carnis
1895 864 1968 919 praes

270 960 275 970 '
332 960 359 1008 et
373 950 518 1022 iacrymas
1173 943 1244 1000 tulit.
1267 942 1386 998 ilicahst
1414 942 1507 1010 itaque
1545 938 1610 994 liliis
1632 938 1788 1006 candidius,
1813 942 1969 997 aromatum

369 1041 423 1099 Sed
453 1041 548 1097 uidens
576 1056 655 1097 unus
676 1041 791 1096 iratrurn
819 1038 924 1094 diutino
953 1041 1043 1096 virum
1072 1039 1119 1095 liei
1175 1032 1430 1091 rcdolehatareolis
1458 1031 1583 1088 suarius
1606 1029 1693 1097 Quem
1718 1031 1857 1100 exsequiis
1880 1033 1969 1089 lronu

333 1132 429 1201 rqonia
453 1129 572 1201 fatigari,
598 1139 687 1187 taetus
711 1131 806 1187 diuino
836 1130 987 1197 instinctu,
1027 1131 1120 1202 egredi
1173 1120 1970 1194 ratumsolemnibusmultisquecommendatumlucrymis

333 1233 447 1279 uinctos
476 1223 611 1279 hortatur.
628 1223 696 1279 llum
725 1221 942 1294 paululnmergo
961 1224 1124 1291 respirasset
1174 1214 1290 1270 honesto
1329 1212 1479 1271 condidere
1520 1209 1616 1266 fideles
1657 1209 1844 1281 ⁸²f⁰⁰i>¹i³i⁰
1879 1214 1970 1281 h¹¹⁰³tl

333 1313 392 1381 iiie,
411 1314 484 1370 miro
513 1314 592 1385 petiit
614 1329 677 1370 cum
707 1315 806 1372 affeetu
840 1316 974 1372 dominici
999 1316 1123 1386 corporis
1174 1307 1201 1362 ln
1230 1306 1414 1362 restitutionis
1443 1305 1488 1361 dio
1513 1302 1641 1358 refloreat
1665 1303 1699 1358 ad
1732 1302 1968 1374 incorruptionem

332 1412 361 1461 et
374 1402 515 1476 sanguinis
525 1405 666 1472 viaticum,
681 1407 796 1477 aceepit,
812 1409 916 1479 gratias
930 1408 997 1480 egit.
1013 1407 1120 1465 Deinde
1173 1397 1322 1466 nteruidne
1333 1391 1692 1467 ²oe¹li³²⁰²nd⁰fl⁸⁸¹⁰¹³m
1702 1391 1850 1462 dulhoeffl·
1862 1393 1969 1449 Tim·

333 1495 447 1551 sublatis
460 1496 487 1551 in
502 1496 601 1552 ateium
613 1497 739 1555 manibus
756 1505 784 1554 et
797 1499 894 1564 oculis.
929 1501 993 1556 dum
1022 1499 1124 1571 saepius
1175 1488 1207 1543 iit
1239 1502 1259 1544 ¹¹
1278 1485 1338 1543 ¹⁴²¹·
1354 1486 1449 1552 lillis·
1464 1485 1614 1541 indictione
1636 1498 1676 1549 ih
1709 1483 1862 1553 imperante
1883 1483 1969 1539 fleitt·

334 1588 490 1650 iterasset
485 1603 493 1619 ·
518 1588 642 1652 υοιιιὶιιι
662 1589 784 1658 homine
809 1592 933 1646 „risam
952 1590 1049 1661 populo
1078 1571 1134 1646 mu
1182 1582 1239 1637 rico
1253 1579 1373 1636 fleirtrici
1386 1578 1442 1634 hilo
1458 1576 1571 1649 Augusti
1581 1577 1707 1642 meandi
1721 1575 1800 1646 cuius
1828 1577 1993 1645 praeconia'

333 1676 423 1746 (loth.
436 1675 510 1749 ιιιι),
540 1677 706 1749 dilectoiam
723 1679 857 1749 pulsante
883 1680 1004 1736 surrexit
1018 1680 1124 1752 aperire
1177 1671 1350 1739 nterlltiitm
1366 1670 1462 1727 trebia
1476 1686 1537 1741 (1¹¹ae
1554 1684 1603 1739 uer
1618 1669 1773 1725 tllttmtwnc
1784 1680 1871 1739 utute
1886 1666 1967 1732 hunt

332 1768 370 1834 ei,
383 1776 466 1839 atque
481 1768 582 1824 muniis
593 1767 735 1838 fatigatum
748 1769 979 1825 diuinisieliciter
1006 1770 1124 1825 reddidit
1176 1764 1328 1833 loquuntur
1346 1763 1475 1820 miracuta
1479 1762 1713 1835 ,populorumque
1727 1762 1890 1831 frequentiis
1904 1760 1968 1830 cius

334 1858 470 1928 spiritum.
501 1857 625 1915 hanihus
654 1874 719 1930 erqo
744 1859 894 1930 ouqeliois
889 1876 915 1914 ιιι
935 1861 978 1915 ria
991 1859 1124 1916 deductus
1175 1856 1435 1913 memoriacelehris
1452 1863 1505 1912 est.

333 1956 377 2002 est
384 1947 512 2003 urnahrh
521 1947 556 2004 Et
565 1962 628 2017 quta
638 1948 860 2004 iuoesurteratet
867 1949 990 2004 sitierat
980 1949 1122 2021 instruam
1184 1947 1335 2018 lienique
1349 1949 1421 2005 sacri
1441 1950 1549 2004 cineres
1566 1946 1640 2002 illius
1654 1960 1668 2000 a
1680 1959 1779 2002 sorore
1793 1946 1967 2016 postmodun

334 2052 396 2093 cura
416 2038 641 2109 resteuuptinli
635 2040 808 2095 uutmmissus
820 2042 853 2095 ad
868 2052 974 2094 coerram
988 2038 1051 2110 oqui
1063 2053 1128 2109 epu·
1146 2048 1168 2104 Β
1182 2040 1208 2107 iu
1222 2040 1323 2095 Gallias
1336 2039 1459 2095 translati
1474 2045 1547 2101 suut,
1557 2037 1757 2110 plurimamque
1773 2037 1898 2107 plurilus
1911 2052 1967 2091 nuc·

289 2139 296 2148 ·
335 2137 409 2186 tatur
422 2130 450 2187 in
467 2143 560 2186 mensa
574 2128 703 2186 hcatnac
718 2139 855 2201 perpetuu
871 2131 950 2185 satiei
1184 2132 1305 2202 ruereffiin
1318 2131 1386 2187 locis
1401 2129 1613 2186 reiterationem.

696 2470 1086 2585 uertuntur
1124 2428 1550 2589 recusem
1600 2502 1604 2507 ’

432 2740 507 2831 DE
540 2736 885 2835 CONFLICTU
912 2738 1183 2882 'DUORUM
1212 2742 1418 2834 DUCUM
1444 2745 1521 2833 ET
1546 2727 1869 2835 letllhlthl
1968 2850 1975 2872 ¹

947 2949 1102 3010 ttthtitttt
1120 2951 1364 3011 hnihnuttutiti

709 3125 755 3189 he
769 3125 809 3190 do
820 3125 924 3190 milite
935 3127 1062 3207 cuptivo
1076 3143 1135 3206 per
1150 3127 1324 3192 solutorem
1340 3127 1477 3207 hostiam
1488 3128 1625 3195 liberato
1681 3159 1683 3161 v

942 3409 952 3420 ,
991 3313 1150 3376 LIBELLI
1168 3311 1267 3378 ndu,-

742 3563 985 3622 internecare
1004 3562 1049 3617 uli
1067 3577 1159 3633 supro,
1178 3562 1231 3618 col.
1251 3560 1315 3628 tus,
1336 3575 1368 3616 ex
1388 3562 1483 3617 eodem
1500 3562 1566 3632 tus.)

768 3816 1013 3881 EPIGRAMMA
1035 3813 1483 3891 SEQiidttiisoeiiseunt.

364 4135 430 4203 Qun
442 4130 625 4196 scrihimosm
638 4126 735 4196 amice,
749 4126 825 4183 ducis
838 4135 913 4211 prata
924 4127 1081 4198 plurimum,
1131 4117 1155 4179 C
1171 4125 1234 4184 lice
1246 4144 1300 4185 uno
1319 4128 1366 4185 tihi
1379 4129 1506 4198 primitus
1519 4128 1611 4187 lihcllo
1624 4130 1751 4189 disserui.

328 4228 417 4286 Sensu
430 4226 494 4283 licet
508 4235 592 4293 utque
604 4221 683 4279 dictis
696 4220 802 4286 ualeant
817 4236 898 4291 quam
915 4220 1066 4277 minimum.

328 4319 383 4378 Sed
394 4318 440 4391 qui
456 4317 537 4375 cordo
549 4317 655 4387 liquens
667 4314 722 4371 alto
737 4306 924 4371 uertis'suttas
938 4313 1039 4380 aureis,

326 4411 432 4469 Nostris
442 4410 507 4482 quid
525 4419 551 4466 te
564 4417 619 4464 tam
632 4406 727 4463 sedulo
739 4406 856 4463 acclinas
871 4404 1011 4462 testaceist

326 4508 366 4562 Te
380 4503 514 4576 sapphiri,
531 4511 557 4558 te
568 4501 706 4571 smaragdi
721 4499 880 4556 collustrant
890 4498 1021 4561 scientim.

326 4598 443 4654 'lautum
456 4599 554 4650 nostro
568 4591 696 4662 quidnam
709 4588 797 4660 placet
809 4589 900 4661 glarea
915 4588 1046 4645 iniseriaei

325 4685 429 4740 dilectu
445 4692 521 4737 certe
536 4677 662 4735 traheris.
678 4675 838 4746 squalemus
856 4676 974 4746 ingenio.

324 4774 382 4829 tice
394 4770 515 4828 scrihere
528 4767 601 4838 piget
616 4774 717 4833 umen,
730 4766 794 4836 quia
808 4765 892 4820 certis
908 4767 988 4820 serio.

225 4931 228 4938 ¹
325 4857 398 4931 Ergo
411 4874 498 4926 sume,
512 4855 584 4930 quod
602 4857 636 4912 ad
652 4856 737 4928 legem
753 4857 826 4913 tenui
843 4856 1009 4923 rusticam,

324 4953 382 5009 Noc
397 4951 500 5010 duhita.
515 4949 638 5006 cluniaci
655 4949 727 5004 hane
740 4948 825 5004 abhas
839 4949 956 5005 asseruit
1041 4943 1043 4948 ’

325 5042 483 5102 Μοιιιιῑιίιιι
495 5043 643 5096 sanctitate
660 5037 773 5108 llajolus
785 5039 831 5109 qui
845 5037 955 5107 claruit,

324 5136 396 5193 luter
409 5136 477 5190 duos
490 5139 565 5205 qesta
583 5130 666 5187 duces
679 5144 735 5185 reru
747 5144 813 5185 sone
828 5128 981 5186 miriticarn.

324 5226 429 5296 Quippe
441 5222 510 5280 heila
527 5221 609 5279 duces
623 5221 673 5294 ipsi
687 5235 749 5277 cunr
767 5230 907 5278 uersarent
919 5224 1023 5296 qratia,

324 5318 374 5373 liic
389 5331 482 5373 eorum
497 5313 568 5371 iorte
581 5313 663 5369 Pater
674 5314 758 5370 suhiit
773 5313 900 5381 continia,

325 5406 446 5475 Dumque
462 5407 579 5463 lustrans
594 5405 717 5463 aphatias
729 5407 849 5463 studeret
861 5406 987 5478 negotiis,
1010 5476 1014 5484 Ι

325 5500 373 5555 list
384 5500 516 5553 abductus
529 5511 545 5550 a
560 5497 675 5553 militurn
691 5500 816 5569 captiuus
830 5500 973 5566 custodiis,

323 5591 362 5647 he
378 5601 434 5647 tum
450 5589 533 5646 certis
545 5592 723 5661 complurium
738 5593 831 5650 didicit
845 5594 988 5663 relatibus,

324 5672 517 5741 uehucmrdn
529 5695 590 5753 quoe
605 5682 697 5740 retulit
711 5685 776 5742 risis
789 5699 821 5742 er
834 5686 983 5757 spiritibus.

1171 4220 1235 4277 Post
1245 4220 1317 4275 aliud
1332 4235 1409 4292 aequo
1423 4220 1535 4292 dianun
1548 4222 1633 4277 altero
1647 4224 1773 4280 suhteroi

1171 4314 1208 4370 lle
1223 4314 1331 4384 captiuo
1346 4314 1451 4370 scilicet
1466 4317 1500 4370 at)
1514 4314 1636 4371 hostibus
1651 4316 1738 4373 milito

1170 4404 1282 4460 Sacram
1298 4404 1398 4461 Christi
1413 4420 1461 4474 per
1473 4406 1590 4461 hostium
1604 4418 1714 4479 serua-to
1728 4408 1844 4466 insolite.
1903 4473 1905 4476 ³

1132 4567 1136 4577 .
1155 4497 1272 4578 ¹Quihus
1287 4506 1415 4568 tauquam
1428 4497 1570 4553 eltaritatis
1583 4506 1611 4552 tu
1626 4498 1686 4555 late
1701 4499 1860 4574 pignoribus
1878 4569 1881 4574 .

1169 4590 1307 4658 hlutuiquc
1324 4600 1354 4644 ut
1365 4592 1467 4646 amoris
1481 4592 1617 4663 pergratis
1631 4592 1781 4649 ohsidiltus.

1168 4679 1235 4734 Num
1251 4681 1398 4751 quinorum
1408 4681 1465 4737 hacc
1478 4683 1583 4740 dicrum
1599 4684 1694 4741 sudati
1711 4685 1857 4752 curriculo,

1167 4769 1222 4826 hec
1236 4783 1289 4825 ιιοιι
1302 4785 1398 4827 versus
1410 4782 1508 4840 quater
1520 4782 1630 4854 certium
1646 4754 1730 4830 indidi
1745 4776 1888 4845 opuscrdo.

1166 4859 1333 4927 Quinetiam
1350 4860 1391 4917 his
1404 4861 1532 4928 tricenos,
1549 4862 1645 4933 hisque
1660 4864 1746 4920 denos
1760 4864 1866 4922 addidi:

1167 4949 1221 5006 Sed
1237 4952 1286 5007 hos
1300 4953 1363 5023 quia
1378 4954 1545 5021 maturabas,
1562 4957 1652 5013 miuus
1664 4955 1752 5014 cultos
1766 4958 1851 5022 edidi,

1094 5091 1096 5095 .
1166 5042 1382 5112 Exscrihensque
1396 5047 1577 5103 communiter
1591 5056 1638 5102 too
1651 5062 1764 5117 quaque
1776 5046 1853 5103 lihitu

1164 5131 1271 5187 ddrrrisi
1288 5135 1395 5204 poetico
1405 5135 1580 5208 syualtephas
1590 5138 1690 5209 passim
1704 5139 1769 5195 ritu.

1164 5222 1199 5277 At
1213 5225 1348 5282 scrihendi
1364 5227 1386 5282 si
1402 5228 1533 5284 cessisses
1545 5228 1632 5284 otium
1644 5230 1791 5292 morosius,

1164 5315 1279 5372 Carmen
1292 5319 1372 5387 plane
1385 5320 1553 5389 pervenisset
1570 5327 1693 5375 nostrum
1708 5319 1876 5388 castigatius.

1164 5406 1357 5478 Qualecuuque
1371 5421 1462 5465 tamen
1482 5410 1556 5478 illud,
1569 5410 1714 5482 dignanter
1727 5410 1857 5480 accipias.

1127 5486 1151 5541 ¹)
1166 5501 1247 5556 Solus
1262 5502 1341 5570 hahe,
1356 5503 1430 5557 solus
1446 5502 1516 5573 lugo,
1528 5504 1654 5574 celesque
1669 5504 1797 5574 ineptias.

1111 5646 1120 5661 ,
1164 5592 1339 5660 Etjuirtuturu
1353 5595 1399 5664 qui
1412 5595 1508 5650 rutilas
1524 5595 1639 5665 gentunis
1652 5595 1858 5665 multiplicibus.

1165 5686 1250 5743 Urtius
1265 5689 1305 5744 tel
1320 5690 1489 5765 corhunculi.
1504 5691 1538 5746 od
1551 5705 1600 5747 uus
1611 5689 1673 5760 jace
1692 5690 1810 5748 radium.
