4584 6767
336 610 409 668 tuot

935 605 1213 665 stentehtmtttht
1233 605 1347 665 unuh.

1906 611 1972 670 ldhl

333 740 365 782 to
376 723 445 780 nihil
459 722 513 780 nisi
531 736 640 795 poetram
667 723 815 781 metuisne
830 721 863 778 Et
890 715 926 778 ita
943 725 1045 791 eredat,
1062 740 1126 795 pro·
1143 735 1165 789 Α
1180 726 1216 781 ah
1227 740 1260 781 co
1273 724 1347 795 quod
1359 722 1481 795 loquitur
1496 721 1538 778 rel
1553 730 1694 793 operatur,
1711 723 1769 792 ipre
1784 723 1972 799 considerabit

333 824 394 885 pter
409 814 480 870 alios
508 812 557 884 qui
582 814 688 869 diutius
705 813 759 869 lieo
784 813 947 880 servierunt,
974 814 1076 868 honum
1100 817 1129 868 in

333 906 496 979 religionem
514 904 655 961 advenire.
672 903 726 961 Sed
742 907 765 961 si
783 905 850 976 qnid
865 905 1038 962 aduersitatis
1066 920 1129 960 ere-

333 1000 418 1067 uerit,
436 999 500 1054 inde
517 998 697 1068 semetipsum
713 998 842 1069 inculpet.
936 1025 942 1033 ·

369 1090 397 1144 li.
413 1086 512 1142 Nullus
525 1088 600 1144 enim
613 1102 705 1143 sermo
719 1089 761 1144 rel
772 1074 908 1154 scriptura
921 1089 962 1145 sie
987 1089 1128 1144 hominem

333 1178 400 1236 iacit
428 1178 484 1235 Deo
500 1194 670 1250 proxumum,
697 1180 932 1250 quemadmodum
946 1196 1062 1236 suorum
1080 1197 1137 1237 co·-

333 1273 623 1343 qnitiopceeatornm,
657 1271 730 1327 unde
760 1272 846 1342 ipsius
872 1274 1028 1342 postulatur·
1051 1274 1130 1328 attri-

333 1364 412 1422 lium.
426 1360 554 1432 Nihilque
567 1360 623 1417 Deo
636 1361 831 1432 aeeeptahilius
846 1370 889 1418 est
904 1363 931 1418 in
945 1363 1004 1417 uiro
1024 1362 1128 1433 justoa

333 1469 390 1523 tqrrtr
402 1453 479 1508 valde
494 1453 630 1527 diligitur,
646 1468 729 1523 quum
741 1468 804 1507 cunt
835 1452 928 1523 justus
958 1454 1027 1508 nihil
1047 1455 1073 1508 in
1100 1470 1130 1509 se

333 1547 437 1617 reperit
451 1545 526 1617 qood
540 1543 596 1601 lieo
607 1546 724 1615 placeat,
738 1545 793 1600 nisi
816 1545 890 1615 qnod
907 1543 978 1600 Dens
1008 1545 1035 1598 in
1069 1545 1129 1614 ipso

333 1642 476 1710 operatur.
491 1636 548 1694 Nee
558 1638 641 1693 etiarn
659 1636 815 1707 vultjnstus
831 1653 881 1707 pro
896 1638 968 1692 hono
980 1651 1031 1692 sno
1044 1652 1059 1691 a
1074 1635 1129 1692 lieo

333 1730 474 1801 adjurari,
488 1729 532 1785 rel
545 1729 654 1784 saltare
668 1728 722 1783 nisi
732 1727 823 1798 gratia
839 1727 936 1797 ipsius.
956 1727 1002 1781 liei
1019 1742 1130 1798 qnoque

333 1821 423 1878 Fihus
435 1820 483 1891 qui
498 1821 533 1876 de
545 1820 616 1875 eoelo
632 1818 786 1882 descendit,
803 1821 894 1874 sciens
907 1821 1047 1890 qnonrodo
1065 1821 1129 1875 illne

334 1913 540 1980 ascenderetur,
557 1912 626 1968 dixit
638 1898 666 1966 et
679 1911 774 1967 doenit
788 1911 926 1967 neminem
951 1911 1016 1967 illue
1032 1928 1130 1967 ascen·

334 2023 431 2078 surum
454 2006 507 2062 nisi
523 2022 552 2063 se
568 2005 739 2061 humiliando
755 2004 866 2077 (llnttlt.
894 2006 983 2069 xrttt).
1013 2002 1129 2058 l'etunn-

1180 818 1291 873 divitias
1305 817 1347 872 rel
1361 816 1525 888 potentiam,
1541 830 1655 872 eensum
1664 815 1705 871 rel
1717 816 1871 871 litterarum
1886 817 1973 872 scicn-

1183 910 1250 964 tiam
1266 925 1327 980 quae
1339 908 1459 965 haheirat
1475 908 1503 962 in
1515 908 1627 963 saeeulo.
1653 905 1731 961 lium
1744 918 1836 977 antem
1848 906 1974 962 reuriuit·

1181 1011 1261 1057 eatur
1275 1000 1299 1057 si
1314 1010 1426 1072 propter
1439 999 1584 1071 quodlihet
1603 999 1700 1053 horum
1718 998 1851 1068 rrrajorem
1875 996 1974 1055 hahu‘t

1181 1092 1333 1164 potentiam
1348 1092 1451 1147 malum
1472 1093 1618 1162 operandi,
1635 1090 1676 1145 rel
1693 1091 1813 1160 amplius
1827 1105 1843 1144 a
1859 1089 1914 1166 lico
1930 1088 1973 1146 di·

1181 1183 1322 1241 seedendi.
1348 1184 1426 1249 Quod
1454 1183 1478 1238 si
1507 1182 1533 1237 in
1560 1183 1643 1238 corde
1658 1197 1710 1238 stro
1735 1181 1972 1246 imnnireraleat,

1180 1275 1311 1345 pmtriteat
1327 1290 1391 1329 eum
1408 1289 1530 1345 nuquam
1554 1274 1683 1329 hahuisse
1709 1275 1750 1329 rel
1776 1287 1890 1328 censum
1905 1313 1913 1339 ,
1931 1273 1974 1329 nel

1180 1366 1302 1433 diritius,
1317 1366 1419 1436 qnihtts
1435 1366 1518 1421 ileum
1536 1367 1724 1438 impugnabat.
1741 1365 1870 1436 Natrrqnid
1886 1381 1916 1421 se
1930 1366 1974 1422 di·

1181 1460 1278 1516 tiorem
1294 1459 1444 1514 astinrarer
1461 1461 1525 1528 qnia
1542 1459 1674 1530 rnnjnrem
1699 1459 1798 1515 lttrhnit
1824 1460 1852 1513 iu
1871 1460 1973 1513 sat-erdo

1182 1549 1338 1605 facultatem
1355 1551 1458 1605 malum
1484 1551 1594 1619 agendi,
1617 1566 1700 1621 qnanr
1726 1552 1827 1621 aliquis
1852 1551 1975 1620 patrpm?

1181 1640 1240 1697 h'on
1259 1652 1324 1699 sont
1338 1644 1398 1698 aliae
1412 1644 1514 1697 diritiae
1530 1644 1569 1697 rel
1583 1659 1695 1709 census,
1717 1645 1769 1699 nisi
1786 1644 1975 1699 heondhare·

1182 1750 1211 1788 re
1224 1750 1231 1786 τ
1245 1734 1292 1805 qni
1305 1748 1370 1788 nero
1382 1734 1416 1787 ah
1429 1734 1477 1787 illo
1490 1744 1645 1803 separatur,
1667 1732 1802 1804 quidquid
1821 1732 1934 1800 trahem,
1948 1732 1972 1789 ei

1182 1825 1208 1879 in
1223 1824 1342 1880 dedecus
1358 1824 1485 1880 rer-dnn.
1886 1819 1889 1824 ’

1216 1918 1244 1970 5.
1274 1914 1333 1970 Non
1363 1926 1405 1977 est
1434 1925 1526 1969 antem
1549 1914 1649 1969 mirnnt
1680 1915 1703 1970 si
1732 1914 1861 1971 animalis
1889 1916 1973 1970 leonto

1182 2008 1294 2077 q‘nandn
1326 2007 1433 2062 nouiter
1461 2006 1494 2060 nd
1522 2006 1733 2062 eottrersionem
1761 2006 1884 2074 renen-it,
1914 2008 1974 2063 uult

335 2097 528 2168 tarnenmaJor
548 2096 768 2164 humilitasque
795 2092 882 2164 possit
909 2090 1003 2146 habeti
1032 2082 1283 2155 001'1111113tllrristi
1316 2100 1439 2155 urenthra
1465 2113 1558 2169 regere
1591 2115 1599 2153 t
1628 2097 1678 2170 ipsi
1703 2114 1822 2169 narnqne
1842 2100 1972 2171 discipali

334 2188 614 2260 Demsuperhiaest,
645 2194 727 2257 prout
758 2185 840 2239 homo
871 2184 952 2239 dehet
979 2182 1126 2249 rrrerditari;

334 2283 428 2337 nullus
442 2281 515 2336 enim
531 2280 604 2335 ualet
627 2294 656 2333 se
672 2287 727 2333 tam
743 2277 874 2332 miserum
897 2276 1046 2341 {estinan-e,
1061 2275 1129 2345 qnin

334 2375 455 2428 detor-{or
468 2371 515 2437 sit,
531 2379 560 2424 et
579 2369 602 2424 si
630 2368 694 2438 quis
718 2364 784 2421 lesu
813 2364 927 2419 Clu-isti
943 2364 1127 2419 humilitatem

333 2464 460 2534 aspiciat,
481 2462 595 2518 ounrino
611 2458 678 2515 nihil
693 2474 742 2513 sua
767 2457 830 2512 erit.
860 2453 914 2522 Qut
941 2469 1005 2510 uero
1022 2464 1127 2509 tautum

334 2557 417 2611 hahet
446 2568 580 2627 querutum
614 2552 695 2620 ualet,
725 2548 840 2605 Densiu
868 2548 1031 2615 cohabitat,
1050 2556 1076 2602 et
1102 2546 1127 2603 ci

333 2661 415 2701 stram
430 2644 564 2700 coneedit.

370 2739 436 2792 un.
458 2734 503 2789 lll.
521 2763 557 2774 —-
569 2732 646 2787 Alius
661 2747 747 2787 terram
767 2730 803 2783 od
817 2728 920 2783 rrouiter
943 2743 1090 2781 coneeraoa.

371 2831 398 2883 l.
411 2828 489 2882 llulti
505 2826 611 2881 malunt
627 2825 654 2879 in
667 2809 930 2879 docendo'danmari
949 2836 1031 2890 qnam
1044 2819 1070 2871 in
1086 2817 1128 2872 di-

333 2923 437 2979 seendo
451 2920 563 2985 saltari,
581 2917 702 2973 volentes
714 2930 775 2971 esse
790 2923 914 2986 pastores
924 2912 988 2983 qnia
1003 2910 1128 2966 nesciant

333 3028 396 3069 esse
428 3006 670 3079 discipulizqnod
703 3005 832 3077 primitus
863 3003 935 3060 scire
974 3002 1125 3067 deherent;

333 3102 567 3175 quemadmodum
580 3107 645 3154 sunt
657 3096 813 3166 omnesqui
830 3095 939 3150 liariter
953 3092 987 3148 acl
1015 3092 1126 3162 religio·

333 3213 398 3253 uem
413 3201 555 3258 uenerunt,
572 3191 733 3261 incipientes
756 3188 851 3258 preire
866 3175 1022 3256 satrteqnarn
1049 3184 1125 3253 seqni

335 3292 471 3347 rrcrrorint.
493 3288 573 3343 llodo
589 3287 634 3341 hie
648 3300 720 3340 urrus
735 3283 816 3348 adsit,
833 3283 1036 3352 loquamurque
1063 3295 1125 3333 cnm

333 3399 389 3439 eo:
406 3400 416 3434 c
435 3379 457 3436 0
473 3389 502 3435 tn
520 3378 568 3447 qui
583 3384 708 3433 recenter
725 3390 742 3429 a
766 3373 866 3429 secedo
892 3371 1039 3435 advenisti,
1058 3386 1127 3440 epm·

1155 2255 1162 2278 ι
1181 2189 1293 2245 lloudni
1313 2191 1430 2246 libenter
1453 2191 1529 2246 illnm
1544 2190 1687 2259 docerent,
1701 2191 1724 2246 si
1737 2192 1817 2247 uellet
1834 2192 1894 2248 illis
1912 2208 1974 2249 ere·

1180 2288 1255 2351 dere,
1274 2284 1355 2355 eiqne
1366 2285 1543 2340 consutor-ern
1556 2299 1590 2341 ne
1617 2293 1735 2340 mortem
1760 2286 1911 2357 susciperet
1925 2297 1973 2342 ant

1143 2446 1150 2454 ¹
1179 2377 1352 2446 passionem.
1371 2374 1437 2432 Tale
1451 2388 1494 2433 est
1506 2376 1638 2433 seculare
1651 2376 1798 2433 consilinm
1819 2378 1893 2433 eirca
1909 2378 1972 2433 reli·

1180 2469 1271 2542 gionis
1284 2469 1423 2540 negotium
1434 2470 1516 2540 quale
1532 2470 1583 2541 ipsi
1597 2468 1663 2526 lesu
1677 2469 1790 2525 Christo
1803 2470 1970 2526 trihnehant.

1180 2563 1215 2619 Et
1243 2563 1315 2618 sient
1344 2561 1473 2633 discipali
1496 2578 1640 2634 nunqnam
1671 2562 1867 2618 intellexerunt
1888 2577 1972 2633 opera

1180 2647 1238 2717 D'ei,
1255 2651 1317 2707 licet
1331 2666 1363 2707 ea
1377 2652 1510 2733 ¹riderent,
1530 2653 1619 2709 dotrcc
1643 2654 1859 2725 pertransissent
1884 2669 1973 2726 anqu-

1179 2743 1260 2799 stiam
1278 2742 1312 2799 de
1326 2754 1415 2800 morte
1429 2745 1490 2815 ejus
1500 2744 1636 2813 trahitant,
1651 2746 1747 2817 eisque
1758 2744 1892 2817 Spintum
1910 2762 1973 2803 sarr·

1178 2845 1253 2891 ctrrm
1268 2836 1401 2902 dedisset,
1421 2836 1462 2892 sie
1482 2836 1566 2893 horno
1587 2837 1750 2909 inpeccatis
1768 2839 1874 2895 diutius
1897 2838 1973 2894 delo·

1178 2935 1290 2995 elatus,
1310 2944 1364 2981 uon
1378 2928 1448 2982 ualet
1464 2928 1614 2999 intelligere
1625 2930 1795 2985 dnlcedinem
1809 2928 1869 2996 liei,
1885 2929 1972 2986 dormo

1178 3030 1351 3091 pertranseat
1382 3020 1538 3092 angastiam
1572 3038 1657 3092 tqrram
1692 3021 1787 3093 exigit·
1810 3037 1879 3076 erun
1903 3021 1971 3081 lesu

1163 3112 1280 3170 ‚dtntsn
1300 3112 1576 3170 snlierendam.'lden
1608 3097 1727 3184 rnatur'qne
1755 3114 1888 3169 llorninns
1916 3129 1971 3170 non

1177 3202 1292 3259 dederat
1321 3205 1456 3274 apostolis
1487 3204 1623 3275 Spiritum
1653 3213 1803 3275 nannetum,
1831 3206 1897 3262 dnm
1926 3221 1973 3262 es·

1178 3304 1219 3351 set
1242 3312 1304 3351 enm
1333 3297 1394 3363 eis,
1421 3299 1486 3368 qnia
1516 3305 1632 3369 postea,
1673 3297 1784 3369 quando
1812 3298 1879 3370 ipsis
1906 3313 1970 3353 enm

1178 3389 1293 3456 trilnrit,
1320 3389 1422 3460 placuit
1450 3390 1519 3460 ipsis
1546 3406 1622 3445 mors
1640 3390 1715 3446 illius
1743 3399 1771 3445 et
1795 3389 1874 3445 dolor
1888 3403 1970 3460 quem

334 3475 418 3531 ¹¹¹⁰d⁰
434 3474 474 3529 lis
485 3472 583 3528 d⁰oef⁰
594 3469 668 3541 (1¹¹⁰d
681 3466 793 3523 ¹¹⁰⁸&ss
806 3462 902 3518 N⁰¹¹¹¹⁰
914 3463 1036 3533 ¹¹⁰8¹¹¹³¹¹¹
1051 3473 1125 3516 tumn
1141 3461 1164 3518 (ἶ
1180 3477 1336 3535 hahuerunt
1348 3480 1429 3547 iride,
1442 3490 1469 3536 et
1494 3482 1626 3551 quoniam
1642 3481 1677 3536 ah
1691 3481 1733 3536 eis
1750 3480 1863 3537 recessit
1874 3493 1971 3549 corpo-

333 3564 482 3637 reliquisti,
493 3578 578 3634 quarn
593 3577 645 3617 nos
658 3561 756 3616 docete
767 3572 874 3627 posses,
890 3555 913 3610 si
929 3563 955 3609 te
968 3553 1126 3623 requisisse

332 3675 409 3726 tuus,
424 3658 499 3715 etad
512 3665 636 3713 nostram
652 3668 706 3708 non
734 3650 884 3721 requisitus
898 3640 1056 3702 arire'nistil
1077 3641 1127 3696 Se·

332 3768 419 3827 quere
451 3752 558 3823 priores
580 3750 653 3804 nium
681 3746 800 3802 scientes
817 3743 863 3799 uhi
888 3742 1011 3797 rrcrrrdnm
1037 3738 1124 3802 l'nisti,

332 3846 507 3914 multumque
520 3841 642 3913 gaudeas
654 3840 677 3896 si
689 3853 737 3893 cos
752 3836 830 3907 sequi
844 3836 951 3899 raleas;
969 3831 1076 3889 sienim
1091 3828 1126 3885 ad

333 3939 474 3993 dexteram
489 3935 533 3991 rel
546 3934 580 3989 ad
594 3932 735 3990 sinistrant
747 3930 877 3996 diret-tas,
895 3940 989 3997 uepres
1013 3934 1039 3980 ct
1067 3922 1124 3995 spi-

332 4010 384 4086 nas
398 4028 533 4094 invenies,
547 4041 580 4082 ae
598 4025 720 4080 latrones
737 4022 786 4078 tihi
806 4019 979 4076 insidiantes.

324 4145 328 4180 r
368 4122 397 4176 2.
409 4118 550 4177 Memento
563 4117 657 4183 etiam,
674 4117 740 4172 dnm
760 4115 787 4169 in
803 4121 937 4184 potestate
951 4120 997 4166 tua
1025 4120 1052 4165 et
1079 4125 1124 4166 re·

332 4216 436 4289 qimine
448 4212 536 4281 luisti,
553 4228 602 4284 per
614 4225 684 4282 quas
699 4209 758 4264 vias
776 4200 948 4274 artrhulahas,
968 4206 1010 4260 rui
1035 4203 1125 4275 quiadi-

333 4320 375 4363 ter
391 4319 417 4362 te
441 4306 574 4377 regebas:
590 4310 733 4375 propterea
750 4300 871 4371 quaesisti
886 4298 1041 4361 ductorem,
1055 4309 1124 4366 qno·

332 4403 408 4456 nium
426 4402 465 4457 ire
485 4400 636 4455 nesciebas.
655 4396 767 4469 Oportet
784 4396 874 4465 itaque
889 4402 919 4448 ut
946 4406 1008 4447 eum
1025 4406 1125 4460 sequa·

331 4500 387 4564 ris;
409 4513 471 4551 nam
488 4496 511 4550 si
527 4505 555 4549 tu
569 4507 659 4549 erectis
674 4491 747 4561 prior
762 4488 883 4553 incedas,
903 4484 930 4539 in
951 4482 1057 4539 lorcam
1076 4498 1124 4538 ca-

331 4589 393 4656 des,
408 4597 435 4643 et
451 4588 497 4642 alii
511 4597 536 4641 te
550 4593 706 4655 sequentes.
725 4579 766 4634 dn
783 4578 871 4635 nescis
885 4575 959 4647 qnod
981 4574 1054 4629 nulla
1070 4589 1123 4626 un·

331 4699 416 4753 quam
432 4688 558 4736 ereatura
572 4678 676 4732 lucrata
688 4675 724 4730 sit
737 4672 839 4744 aliquid
860 4671 888 4726 in
903 4684 954 4744 suo
970 4665 1124 4740 regimine?

1179 3570 1285 3625 naliter.

1213 3659 1240 3712 6.
1269 3659 1303 3713 Et
1322 3661 1561 3730 quemadmodum
1586 3662 1690 3731 lignum
1717 3663 1790 3731 qnod
1815 3664 1916 3720 mansit
1942 3664 1970 3719 in

1178 3763 1268 3819 aqua,
1298 3760 1424 3805 recenter
1446 3753 1509 3807 inde
1529 3753 1698 3806 ahstraettnn
1720 3754 1793 3806 clare
1817 3769 1872 3808 non
1898 3755 1970 3809 ualet

1178 3841 1286 3906 ardere,
1319 3839 1407 3896 donee
1433 3840 1470 3895 sit
1491 3842 1681 3905 exsiccatum,
1709 3841 1835 3895 sirrtiliter
1863 3842 1968 3910 homo,

1177 3934 1301 4006 qnandiu
1317 3933 1416 4004 plenus
1429 3946 1473 3987 est
1496 3934 1613 3989 lrrrrnore
1630 3933 1781 3999 vitiorum,
1815 3935 1844 3989 in
1874 3949 1970 3990 amore

1176 4028 1271 4084 divino
1284 4042 1340 4082 non
1357 4025 1429 4082 ralet
1451 4026 1630 4094 incalescere,
1645 4029 1733 4081 dortee
1750 4024 1787 4081 sit
1801 4025 1968 4081 exsiccatus.

1176 4121 1306 4192 Nihilque
1319 4120 1412 4177 ridere
1424 4128 1514 4191 potest
1530 4119 1631 4189 aliquis
1647 4119 1751 4175 clausis
1767 4118 1879 4185 oeulis,
1895 4117 1969 4174 oeuli

1177 4224 1268 4270 tarrten
1281 4214 1349 4269 nihil
1360 4213 1452 4268 rident
1468 4212 1521 4268 uisi
1534 4212 1608 4266 alind
1622 4210 1663 4267 eis
1676 4211 1828 4277 illucescat,
1840 4211 1887 4265 sed
1902 4211 1969 4266 dum

1176 4307 1288 4364 claritas
1298 4305 1453 4378 corporalis
1469 4304 1650 4375 conjungitur
1659 4304 1685 4360 ei
1699 4318 1762 4375 qnae
1776 4311 1819 4359 est
1834 4303 1861 4358 in
1878 4303 1970 4369 lromi·

1175 4415 1231 4468 ne,
1259 4408 1326 4455 tune
1343 4399 1400 4470 ipse
1412 4406 1502 4468 potest
1520 4397 1624 4462 ridere,
1636 4395 1764 4452 similiter
1781 4404 1823 4451 est
1837 4394 1872 4450 de
1887 4393 1971 4464 spida.

1176 4491 1243 4547 titali
1264 4492 1330 4547 dum
1346 4487 1547 4560 aliquantulum
1565 4502 1599 4542 ex
1613 4502 1646 4542 ea
1667 4486 1695 4540 in
1711 4501 1742 4542 se
1763 4486 1846 4542 hahet
1871 4485 1968 4555 lanuto,

1176 4584 1341 4654 intelligitur
1354 4581 1409 4636 alia
1423 4594 1485 4651 quae
1498 4579 1533 4634 ah
1548 4579 1609 4650 ipso
1622 4578 1745 4635 anditur.
1773 4577 1807 4634 Et
1822 4589 1968 4649 propterea

1175 4678 1218 4733 rir
1234 4676 1376 4733 secularis
1387 4675 1452 4752 dum
1464 4674 1498 4730 de
1511 4674 1636 4745 qnalihet
1645 4688 1729 4745 parua
1742 4687 1772 4729 re
1785 4672 1838 4728 sihi
1849 4672 1967 4739 dicituro

332 4776 454 4850 Angelus
468 4776 602 4847 benignus
618 4771 707 4827 laetus
722 4778 764 4825 est
788 4764 915 4822 diabolus
942 4764 1053 4834 quando
1079 4778 1123 4816 se·
1139 4795 1162 4849 D
1179 4769 1307 4837 «Frater,
1315 4770 1367 4824 troc
1381 4777 1423 4824 ost
1437 4766 1554 4833 offensa,
1567 4785 1576 4817 r
1594 4779 1769 4837 nequaquam
1781 4764 1969 4836 aheocossno·

331 4872 478 4942 metipsum
504 4881 598 4938 regere
624 4864 722 4920 noluit.
754 4861 840 4915 Adam
870 4870 980 4929 quoqne
1005 4870 1123 4925 sequens

331 4980 395 5020 emn
411 4962 495 5018 exirit
508 4962 541 5017 de
555 4958 695 5031 paradiso.

367 5054 395 5110 5.
411 5052 477 5109 'lale
490 5066 609 5122 namque
632 5046 780 5104 eonsilium
797 5053 841 5102 cst
858 5045 966 5101 homini
995 5041 1124 5115 primitus

331 5146 534 5212 neeessariam,
550 5160 585 5198 ne
609 5141 643 5197 de
669 5157 700 5197 sc
729 5140 830 5196 haheat
844 5137 1010 5200 consilinm,
1033 5135 1125 5190 idest

330 5249 438 5297 tantum
452 5253 551 5294 sensus
577 5216 693 5303 habeat,
713 5233 761 5304 qni
783 5233 841 5288 uult
868 5231 946 5302 sequi
974 5229 1121 5285 Dominum

330 5339 424 5394 lasum
439 5335 591 5401 Christum,
618 5340 754 5402 quatenus
776 5342 888 5384 sensum
909 5341 991 5381 sunm
1017 5322 1124 5377 amittat

328 5443 417 5499 seque
441 5425 565 5497 ahjieiat,
591 5424 614 5479 si
641 5437 671 5479 se
698 5420 824 5477 inveniro
850 5418 1006 5483 desiderem
1032 5414 1058 5469 in
1083 5411 1125 5466 ni·

332 5521 418 5578 hilum
435 5532 547 5587 quoque
561 5532 591 5572 se
605 5514 722 5586 redigat,
740 5513 764 5568 si
779 5511 827 5566 liei
839 5509 940 5586 Filium
954 5509 1012 5564 rnlt
1026 5504 1122 5562 imita·

330 5613 366 5677 ri,
384 5610 433 5681 qni
444 5610 624 5681 semetipsum
638 5605 802 5663 exinanivit.
810 5602 934 5659 ueritum
959 5600 1032 5662 enim
1057 5597 1122 5655 honi

331 5705 521 5761 necessarium
534 5697 577 5759 est
589 5701 694 5758 homini
713 5697 925 5771 cognoscere'in
939 5710 968 5751 se
984 5692 1052 5748 nihil
1073 5692 1123 5747 ha·

328 5796 389 5851 heri
406 5794 483 5862 honi,
498 5794 552 5850 nisi
574 5793 647 5848 Deus
664 5791 794 5846 immittat
808 5798 891 5858 atque
918 5784 1065 5841 custodiat.
1088 5782 1123 5838 Et

330 5891 390 5946 lraee
407 5898 449 5945 est
466 5889 554 5960 prima
580 5887 623 5942 ria
641 5902 695 5956 qua
720 5884 793 5939 Deus
817 5880 891 5936 rcnit
904 5878 938 5935 ad
953 5878 1092 5933 hominem
1113 5892 1120 5929 :

328 5984 452 6055 cognitio
466 5999 523 6039 suae
539 5981 714 6053 ignorantiae.

294 6149 299 6158 ¹
365 6080 392 6135 i.
410 6078 464 6135 Sed
479 6077 609 6146 lortasoe,
628 6078 693 6134 dum
711 6073 798 6132 irater
821 6070 944 6131 trouttius
970 6053 1120 6126 retrahitur

1177 4863 1264 4919 scitur
1277 4870 1334 4917 :tot
1346 4861 1417 4917 alias
1427 4858 1511 4915 hahet
1522 4858 1656 4930 inseipso
1674 4859 1794 4930 majores
1814 4858 1967 4915 claritatem

1176 4957 1200 5011 ei
1213 4954 1380 5013 arrlerentes.

1213 5048 1239 5105 7.
1267 5047 1319 5103 Sed
1345 5047 1371 5102 in
1393 5054 1526 5118 qnantum
1544 5045 1627 5097 homo
1642 5042 1763 5098 novitius
1778 5057 1856 5096 snam
1873 5039 1968 5096 deien-

1175 5142 1215 5198 dit
1240 5141 1461 5207 secularitatem,
1490 5135 1660 5192 tantumdem
1679 5135 1750 5191 alius
1768 5135 1815 5206 qni
1830 5134 1876 5189 diu
1892 5134 1968 5189 stetit

1175 5235 1202 5290 in
1215 5234 1324 5305 institia
1341 5231 1471 5287 defendat
1485 5228 1679 5285 ratiocinando
1694 5242 1772 5283 suam
1789 5227 1965 5298 religionem,

1174 5328 1322 5399 ipsumque
1337 5324 1429 5379 verhis
1443 5331 1470 5378 et
1494 5320 1624 5392 operihus
1637 5320 1762 5383 doceat,
1781 5318 1881 5387 jurans
1902 5331 1970 5378 enm
2069 5336 2076 5345 ·

1174 5414 1359 5489 spiritualiter
1372 5427 1405 5467 ae
1416 5408 1598 5482 corporaliter
1611 5420 1662 5478 pro
1676 5420 1759 5475 posse
1777 5418 1838 5460 suo.
1868 5400 1967 5459 llelins

1175 5511 1248 5566 enim
1264 5506 1353 5564 eredit
1366 5504 1468 5574 aliquis
1484 5501 1538 5559 sihi
1551 5501 1655 5557 honum
1671 5497 1781 5554 iueieuti
1798 5512 1882 5567 qnam
1901 5493 1966 5563 alii,

1175 5603 1227 5659 nisi
1244 5602 1382 5660 damettes
1395 5599 1422 5653 in
1432 5612 1462 5653 se
1472 5596 1589 5662 haheat;
1604 5592 1733 5666 quisquis
1743 5602 1835 5647 autem
1852 5588 1966 5644 minimo

1175 5693 1262 5754 credit
1278 5691 1474 5747 aliiomnihns
1501 5687 1591 5744 modis
1617 5684 1671 5742 sihi
1686 5682 1871 5748 subvenienti,
1896 5692 1967 5751 quo-

1175 5769 1258 5844 modo
1273 5786 1400 5842 crederet
1417 5783 1441 5840 si
1459 5780 1562 5838 malum
1577 5779 1629 5835 sibi
1645 5777 1771 5833 iaceret?
1786 5775 1900 5846 Sntnma
1918 5787 1966 5830 su·

1174 5878 1269 5950 perhia
1292 5884 1334 5933 est
1356 5891 1390 5931 ne
1413 5874 1477 5946 quis
1491 5870 1664 5933 emerrdetur.
1678 5868 1744 5925 dum
1758 5867 1794 5923 ah
1808 5865 1864 5921 alio
1878 5863 1966 5920 eorri·

1174 5971 1259 6042 pitnr,
1274 5984 1326 6024 nee
1342 5975 1455 6040 propter
1469 5964 1635 6020 oblivionem
1649 5959 1752 6016 desinit
1778 5958 1862 6011 homo
1876 5954 1966 6026 quod·

1174 6063 1241 6120 lihet
1268 6076 1366 6133 apere,
1396 6049 1543 6131 postquam
1558 6055 1583 6112 ei
1598 6055 1739 6110 ostensum
1756 6058 1798 6105 est
1811 6091 1820 6118 ,
1835 6047 1882 6105 scd
1897 6059 1965 6119 pro·
