4584 6767
382 571 453 632 rtet
1008 554 1199 619 ttritetitt
1219 553 1384 618 nabutte:
1954 565 2023 659 ‚¹¹³²

383 683 442 754 me,
459 681 570 738 Patrem
595 679 687 752 ipsum
705 681 851 749 ceperunt
868 684 1047 745 interrogare.
1070 673 1179 741 Quibus
1191 677 1216 734 Α
1229 682 1331 728 uerunt
1354 670 1501 737 llaretum,
1523 685 1606 742 quam
1628 672 1741 745 quidem
1764 687 1819 747 pro
1847 687 1922 747 paee
1944 656 2025 731 reto?

384 779 430 834 iile
445 774 587 847 respondit
604 793 610 827 :
627 791 638 824 ι
654 771 775 827 llinime.
794 789 804 822 ι
822 768 881 825 liiis
895 778 987 824 autem
1009 766 1176 821 abeuntibus
1226 764 1326 820 manda
1341 764 1401 819 solo
1414 763 1550 833 sepedicti
1561 764 1689 836 discipali
1701 767 1823 824 arbitrio
1837 780 2026 828 coercuerat

384 872 604 937 snperrenerunt
621 861 709 918 etalii
731 861 852 931 idipsum
868 859 1057 913 renuntiantes
1069 856 1176 912 bomini
1225 855 1343 911 irrriocm
1357 856 1592 912 determinandam
1605 875 1615 912 t
1628 860 1702 915 unde
1718 861 1826 917 etenim
1840 873 1944 933 pastor
1957 863 2026 922 itte·

384 957 444 1014 liei.
461 955 517 1011 Sua
531 953 721 1011 enimiamilia
741 967 804 1006 eum
820 950 883 1021 plur
904 950 987 1005 solitu
1005 949 1063 1019 jam
1086 958 1176 1002 retar-
1225 945 1261 1000 ad
1278 962 1308 1001 se
1323 948 1418 1002 renire
1440 946 1579 1018 precepit,
1597 949 1677 1020 eique
1703 950 1787 1007 etiam
1815 952 1907 1023 quale
1929 955 2028 1012 maian

384 1050 466 1105 dasse
479 1046 652 1104 amarissime
662 1042 804 1115 plorabat;
819 1056 876 1112 quo
890 1040 995 1105 audito,
1013 1040 1055 1095 ιιι
1066 1037 1176 1093 bomini
1225 1047 1415 1107 quantumque
1427 1039 1558 1095 damnum
1572 1041 1650 1096 solas
1664 1042 1722 1112 ipse
1736 1052 1834 1112 posset
1849 1045 2029 1116 exstinguere

384 1140 511 1206 recessit,
527 1151 680 1208 omnesque
694 1135 795 1192 iratres
810 1135 844 1190 ad
869 1148 900 1189 se
924 1131 1086 1200 congregari
1101 1129 1177 1184 iecit.
1227 1128 1374 1196 diiigenter
1406 1133 1546 1201 exposuit,
1585 1134 1689 1204 quibus
1725 1145 1754 1190 et
1778 1136 1830 1191 iile
1858 1139 2028 1207 respondit:

386 1233 422 1287 Αι
434 1231 522 1298 ἱιιι,ιιι
538 1235 751 1292 consueverant,
759 1242 889 1297 magnum
902 1224 966 1295 quid
974 1239 1008 1279 ac
1019 1222 1198 1278 delectabile·
1230 1222 1329 1278 rlluic
1350 1240 1418 1279 vero
1444 1228 1553 1298 negotio
1572 1227 1607 1282 de
1627 1243 1683 1298 quo
1705 1229 1846 1299 queritis,
1876 1245 1936 1303 ego
1959 1232 2030 1289 solur

386 1322 699 1381 abeosecrediderunt
720 1318 951 1389 audire;quibus
970 1313 1179 1371 iliieoiamulus
1227 1311 1342 1369 minime
1372 1313 1593 1370 interluincui
1617 1326 1646 1372 et
1671 1317 1909 1376 illizriiomine
1931 1322 2031 1388 mi,ita

385 1412 434 1469 liei
445 1423 544 1480 totum,
558 1420 588 1468 ut
599 1412 734 1477 audierat,
753 1409 894 1464 indicarit.
915 1404 969 1462 lies
982 1406 1056 1461 seuit
1078 1406 1105 1459 in
1126 1404 1179 1459 du·
1227 1411 1270 1457 est
1285 1412 1315 1458 ιιι
1327 1406 1446 1474 asseris;
1464 1406 1502 1460 illi
1521 1422 1588 1462 reno
1601 1408 1650 1479 qui
1666 1418 1733 1465 tune
1751 1408 1832 1467 luere
1845 1420 1948 1468 ιαιιιιι
1963 1414 2032 1484 jam-

385 1502 569 1559 triumuirum
585 1503 712 1558 sirusan
733 1509 862 1556 mortuus
882 1505 965 1554 esset.
981 1494 1179 1566 Cumqueira·
1228 1494 1334 1563 pridem
1350 1496 1487 1551 universae
1510 1498 1602 1553 earnis
1626 1499 1698 1553 riam
1722 1498 1920 1569 perieoerunt.
1951 1535 1987 1544 -
2008 1506 2035 1560 st

386 1606 442 1654 tres
459 1612 508 1668 per
530 1596 625 1655 boram
652 1594 718 1666 quid
746 1602 819 1648 essct
844 1590 1003 1645 iaciendum
1028 1604 1112 1658 super
1126 1587 1179 1643 boc
1229 1594 1331 1651 autem,
1347 1586 1446 1655 inquit,
1462 1588 1564 1642 nrortui
1575 1597 1641 1643 sunt
1653 1591 1763 1656 uescio;
1780 1592 1838 1647 laoc
1852 1595 1932 1649 enim
1950 1611 2033 1652 unum

386 1689 555 1753 lraesitarcnt,
572 1683 780 1756 domnusllugo
793 1683 820 1738 in
836 1681 927 1737 medio
942 1682 1039 1747 astitit,
1056 1681 1103 1750 qui
1115 1696 1180 1751 pro·
1229 1676 1298 1740 scio,
1328 1676 1401 1746 qrmd
1426 1675 1574 1748 illis'prior
1599 1694 1653 1751 eqo
1681 1679 1724 1736 lui
1756 1693 1895 1740 mortuus
1919 1691 2034 1753 mundo,

386 1780 486 1851 piretiae
507 1778 618 1850 spiritu,
635 1786 665 1831 ιιι
677 1777 827 1841 credimus,
841 1789 904 1829 eum
925 1774 1017 1827 risere
1034 1772 1181 1827 traditum·
1230 1763 1388 1819 sicutenim
1403 1766 1483 1821 robis
1500 1767 1542 1821 rel
1558 1768 1620 1823 aliis
1633 1768 1668 1824 dc
1684 1770 1737 1826 lroe
1757 1774 1800 1827 rei
1819 1774 1858 1829 de
1883 1776 1944 1833 alio
1961 1782 2035 1835 iesti-

386 1885 441 1940 que
453 1869 488 1924 ab
502 1869 610 1939 bospite
625 1883 676 1922 sun
687 1865 811 1935 'aperuit
830 1861 910 1917 llunc
932 1862 1006 1917 euim
1030 1860 1181 1931 prophetie
1230 1851 1355 1908 monium
1381 1852 1689 1924 modoperhiberenou
1711 1870 1852 1928 possunt;
1871 1865 1915 1918 sic
1939 1876 1967 1921 et
1988 1884 2036 1936 ego

386 1960 514 2031 spiritum
535 1959 666 2013 habuisse
681 1957 806 2011 nonnulii
827 1963 975 2020 testantur,
991 1953 1117 2024 quicum
1139 1950 1181 2006 ia·
1231 1941 1265 1998 de
1290 1942 1392 1998 §ttulit
1415 1958 1465 1998 nec
1481 1959 1595 2013 dossum
1614 1962 1666 2002 nec
1678 1949 1776 2004 debeo.
1795 1949 1909 2008 »Unde
1924 1964 1955 2010 et
1970 1972 2035 2025 prae

386 2054 531 2111 miliariter
545 2052 617 2107 scire
635 2057 794 2120 potuerunt.
813 2046 875 2114 Quo
888 2047 993 2111 audito,
1010 2046 1053 2098 rir
1071 2043 1180 2099 bomini
1195 2013 1216 2070 B
1230 2033 1334 2088 dicium
1349 2032 1526 2103 discil³¹¹¹¹1¹¹¹=
1545 2036 1610 2106 <l¹¹i²
1624 2045 1679 2092 ¹⁸⁰¹
1697 2038 1855 2108 l³f¹¹i¹i³¹ner
1870 2047 2034 2114 leslfflssdss·

386 2143 537 2214 increparit
558 2158 621 2196 eum
649 2141 766 2196 dicens:
786 2137 918 2202 «Frater,
934 2137 988 2191 tale
1007 2134 1074 2206 quid
1093 2148 1181 2205 quare
1231 2133 1282 2192 set,
1301 2126 1621 2199 pastorlaudaritatque
1634 2127 1786 2186 benedixit.
1804 2132 1917 2205 Sicque
1933 2137 2032 2193 iactum

386 2252 510 2307 unquam
536 2235 627 2300 dicere
654 2230 874 2304 praesumpsisti?
902 2226 1032 2297 Nunquid
1056 2240 1107 2296 pro
1132 2224 1181 2280 taii
1230 2229 1274 2275 est
1289 2230 1319 2275 ut
1337 2218 1389 2274 sibi
1418 2218 1496 2275 beret
1522 2219 1651 2275 delensio
1681 2224 1881 2296 magistraque
1901 2231 2032 2301 magistre

385 2337 518 2398 tantoque
529 2328 603 2383 bono
617 2325 662 2380 ilie
676 2324 731 2380 tale
744 2339 777 2379 ac
794 2331 901 2378 tantum
919 2319 959 2374 illi
977 2318 1103 2374 redderet
1119 2331 1181 2371 ma·
1232 2325 1282 2367 sua
1298 2311 1454 2380 responsio.

386 2420 486 2476 lumin
504 2420 556 2486 Qui
580 2418 674 2475 statim
690 2417 800 2472 mittere
823 2412 938 2468 nuntios
964 2411 1182 2480 circumquaque
1267 2403 1312 2458 ιιι.
1333 2402 1380 2461 Sic
1404 2406 1479 2460 enim
1504 2415 1599 2475 pastor
1624 2404 1715 2461 bonus
1730 2422 1795 2463 cunr
1811 2407 2033 2472 iratribnseon·

387 2521 419 2569 ut
432 2519 609 2582 quaereretur,
622 2509 761 2579 precept,
776 2505 951 2577 iniunxitque
965 2501 1096 2558 iratribus
1107 2509 1138 2555 ut
1153 2500 1180 2554 iu
1232 2506 1359 2553 secuerat
1373 2498 1639 2564 communicarem
1656 2498 1761 2555 eisdem
1774 2503 1942 2559 consultum
1954 2522 2033 2576 super

387 2611 463 2660 tauta
477 2603 639 2658 necessitate
650 2598 756 2654 detritis
768 2597 897 2668 precibus
907 2610 987 2665 opem
1002 2593 1182 2665 efflagitarent
1232 2590 1351 2661 quadam
1367 2591 1534 2661 quandoque
1544 2591 1672 2661 quesivit
1692 2594 1877 2660 necessitate,
1903 2600 1955 2667 qui
1976 2607 2033 2656 tas-

385 2694 518 2750 tiiriuam.
535 2691 659 2761 Quodam
675 2706 741 2748 rer-o
755 2690 811 2756 die,
825 2687 898 2745 iacto
913 2702 994 2746 mane
1010 2685 1183 2754 expletisque
1232 2681 1295 2736 dem
1306 2682 1511 2738 consentientes
1530 2684 1668 2750 inunum,
1684 2684 1758 2739 sieut
1773 2675 1836 2755 ipie
1854 2699 1956 2759 pastor
1968 2707 2034 2761 pm-

387 2784 537 2839 missarum
552 2779 706 2848 solemniis,
728 2778 834 2850 janitor
849 2778 1013 2833 familiarem
1039 2776 1118 2831 illum
1142 2783 1183 2830 ie·
1232 2771 1349 2837 dixerat,
1362 2770 1421 2827 iore
1438 2772 1540 2827 bonurn
1560 2774 1775 2841 nuntiaverunt;
1795 2777 1845 2833 cui
1866 2794 1936 2835 sero
1952 2780 2033 2838 disei-

387 2880 495 2929 rteutem
512 2888 595 2926 manu
619 2886 702 2925 suum
727 2870 864 2939 liospitem
890 2869 1065 2938 latronesque
1080 2866 1183 2937 pariter
1233 2862 1315 2933 putus
1337 2863 1382 2917 ilie
1398 2863 1569 2918 econtrario
1591 2862 1700 2935 dicebat
1718 2884 1725 2919 :
1743 2884 1752 2917 ι
1770 2864 1850 2923 Bone
1874 2881 1985 2940 pastor,
2007 2884 2034 2928 ιιι

388 2964 416 3019 ln
428 2963 509 3030 milo,
522 2964 633 3018 retortis
647 2961 793 3030 ligatisque
805 2969 866 3030 post
882 2968 988 3030 tergum
1005 2959 1182 3022 brachiis,nd
1234 2954 1302 3007 milri
1319 2954 1437 3022 ridetur,
1452 2952 1487 3007 ita
1503 2969 1557 3009 nou
1573 2963 1616 3009 est
1627 2954 1730 3009 bonum
1750 2956 1825 3013 sicut
1838 2968 1869 3014 et
1882 2964 1979 3020 enimi
1992 2964 2033 3020 di·

388 3064 495 3127 portam
510 3069 638 3126 egressus
656 3054 770 3108 inuenit.
791 3053 843 3107 Cui
858 3052 951 3109 statim
967 3068 1025 3107 sue
1039 3052 1127 3121 culpae
1142 3052 1182 3106 rei
1234 3053 1311 3100 cunt.
1327 3064 1337 3097 ι
1356 3043 1434 3111 Quod
1449 3054 1540 3101 autem
1555 3043 1656 3101 iratres
1668 3049 1825 3117 audientes,
1843 3052 1873 3107 in
1885 3068 1953 3108 eum
1963 3070 2034 3111 conr-

388 3160 498 3202 emnem
512 3146 595 3201 citius
609 3145 801 3201 iudicaverunt
815 3160 927 3215 paenam
945 3160 1020 3215 :quo
1033 3143 1184 3215 riso,jani·
1235 3138 1302 3192 troii
1316 3148 1381 3193 sunt
1393 3139 1579 3208 vehementer,
1595 3140 1710 3210 proinde
1723 3140 1804 3198 ilium
1818 3153 1921 3214 pastor
1946 3148 2035 3205 inore·

388 3244 434 3291 tor
447 3236 481 3291 ad
501 3236 591 3292 locum
606 3236 653 3292 ubi
668 3236 712 3290 rir
735 3234 846 3291 Domini
859 3237 892 3290 de
914 3234 1031 3291 Domino
1050 3234 1183 3291 iratribus
1237 3228 1323 3300 parit,
1344 3245 1377 3284 ac
1399 3230 1575 3299 reprehendit
1602 3229 1727 3302 insuper,
1749 3241 1778 3289 et
1804 3231 1831 3289 ei
1851 3238 2034 3310 quamplures

389 3327 564 3399 loquebatur,
576 3342 703 3383 resersus
717 3336 770 3394 cst,
790 3328 874 3397 eique
889 3328 963 3397 quod
980 3326 1055 3382 loras
1078 3327 1219 3414 videratc
1236 3322 1330 3377 tertias
1348 3322 1375 3376 in
1391 3331 1539 3392 conspectu
1559 3323 1684 3378 omnium
1702 3315 1827 3381 ¹iratrum
1845 3326 1942 3385 iace'rc
1960 3330 2032 3387 iecit.

388 3429 417 3477 et
434 3420 570 3486 audierat,
596 3428 702 3474 secreto
724 3418 863 3473 nuntiarit
885 3418 911 3472 in
934 3433 1011 3473 aure.
1029 3416 1183 3474 l'irautem
1235 3414 1370 3484 Cognorit
1400 3423 1492 3468 autem
1521 3423 1616 3484 pastor
1636 3423 1663 3470 et
1685 3415 1815 3486 credidit,
1845 3422 1922 3491 quod
1947 3426 2033 3481 multo

388 3521 502 3568 unctus
528 3513 580 3566 boc
603 3509 730 3576 audiens,
754 3525 769 3565 a
790 3510 985 3580 predicatione
1009 3518 1098 3580 crepta
1120 3519 1185 3566 tunc
1235 3505 1333 3559 meiius
1348 3505 1512 3574 predixerat
1527 3504 1603 3560 solus
1621 3506 1668 3582 ille
1690 3507 1860 3580 discipulus,
1875 3530 1961 3584 quam
1976 3515 2034 3588 ipse

389 3603 502 3659 mininie
516 3603 647 3667 surrexit,
660 3617 711 3656 nec
723 3602 757 3657 de
772 3602 820 3657 illo
834 3611 888 3657 tant
903 3601 977 3658 bono
994 3603 1091 3657 nuntio
1105 3603 1186 3659 exiri·
1235 3596 1410 3664 disposuerat
1423 3610 1487 3649 cum
1499 3597 1607 3653 caeteris
1623 3598 1765 3668 omnibus,
1781 3602 1896 3659 undeet
1910 3604 1952 3660 iili
1967 3622 2035 3677 pro·

390 3695 536 3760 larescere,
549 3707 600 3748 uec
615 3708 772 3749 sermonem
787 3708 867 3748 suum
883 3693 944 3763 plus
956 3693 1038 3748 solito
1054 3693 1129 3749 risus
1142 3703 1186 3749 esi
1236 3688 1311 3742 lintis
1325 3687 1415 3741 diiii:
1438 3706 1447 3738 ι
1467 3685 1513 3742 Sic
1529 3687 1616 3755 chiffl,
1640 3688 1677 3744 ΕΗ
1695 3691 1745 3757 ΙΠῙ.
1765 3692 1852 3749 benus
1872 3695 2035 3767 discipulus

391 3783 548 3840 terminare.
562 3782 706 3854 Completo
720 3792 813 3839 autcm
826 3798 965 3851 sermone,
983 3793 1013 3838 ιιι
1026 3800 1070 3839 res
1093 3786 1186 3856 exige·
1237 3785 1265 3831 θῑ
1279 3777 1368 3832 Ιῑ-ἳθῐῑὸ
1389 3779 1551 3849 Μιῑὸῑῐῦῐῐι
1573 3795 1655 3835 Suum
1681 3780 1715 3835 ³¹¹
1731 3780 1817 3839 ⁰0⁰⁰!
1839 3785 1927 3841 ῑῐῑῑιὶῑ
1948 3798 2035 3861 uque

391 3877 447 3943 bat,
462 3875 509 3931 liei
527 3874 648 3931 iamulus
673 3874 748 3932 ioras
768 3876 919 3946 egreditur,
935 3884 999 3929 ante
1018 3876 1097 3945 cujus
1122 3892 1187 3932 con·
1237 3869 1352 3925 reducit.
1370 3889 1378 3921 t

390 3976 515 4037 spectum
530 3966 604 4023 illico
619 3976 755 4023 steterunt
771 3967 865 4021 miseri
889 3967 924 4022 ab
948 3966 1008 4036 ipsa
1023 3965 1114 4036 preda
1135 3984 1186 4025 sua
1271 3961 1317 4016 2¹·
1340 3961 1402 4017 Fuit
1424 3964 1497 4018 enim
1519 3979 1582 4020 cum
1597 3962 1715 4025 Domino
1727 3982 1761 4025 ac
1780 3970 1920 4043 magistro
1937 3985 2033 4033 nostro

311 4069 315 4074 ’
391 4058 430 4115 rei
453 4066 481 4114 et
503 4058 590 4131 liqati.
617 4058 744 4129 Cumque
767 4073 815 4127 per
835 4060 932 4114 iroram
954 4059 1022 4112 uiiril
1040 4059 1185 4129 loquentes
1238 4053 1378 4125 Stephano
1400 4056 1553 4126 discipulus
1581 4057 1625 4112 ilie
1652 4049 1742 4131 usque
1769 4060 1805 4116 ad
1830 4064 1943 4121 obitum
1963 4068 2032 4138 ejus,

391 4152 501 4221 penitus
514 4158 578 4206 aute
591 4149 668 4205 ilium
686 4157 807 4204 astarent
825 4150 910 4220 ligati,
927 4148 1077 4205 tremefacti
1098 4151 1186 4205 reine-
1237 4147 1352 4202 audiens
1364 4162 1426 4204 cum
1442 4149 1556 4205 iideliter
1570 4159 1597 4206 et
1608 4151 1783 4224 iuter-rogans
1794 4170 1882 4227 super
1892 4161 2032 4217 sententiis

392 4252 499 4299 menter
517 4242 553 4298 ad
573 4250 676 4298 terram
694 4249 868 4306 corruerunt,
891 4251 919 4298 et
931 4257 988 4298 suae
1002 4257 1111 4312 poenam
1135 4258 1184 4297 ne·
1237 4237 1399 4307 ceterisque
1410 4238 1473 4294 rite
1487 4249 1589 4296 nostrae
1603 4243 1751 4311 mandatis,
1767 4261 1802 4301 ne
1816 4249 1975 4318 spiritualia
1992 4268 2032 4308 se·

390 4334 486 4406 quitie
505 4335 540 4390 ad
565 4334 625 4404 ejus
647 4332 762 4404 vestigia
791 4333 962 4403 prolitentes,
990 4333 1115 4402 praesiari
1133 4331 1186 4387 sibi
1238 4327 2028 4420 minaqueprocedebantdcoreejusabsquemultipii·

392 4427 501 4481 reniam
519 4440 620 4498 magno
635 4427 738 4498 gemitu
755 4436 783 4482 et
798 4426 903 4481 ululatu
917 4426 1136 4498 postulauerunt.
1151 4425 1188 4480 lit
1237 4419 1357 4487 cellone,
1378 4420 1523 4477 insolentia
1536 4423 1694 4484 auditorum
1717 4438 1745 4483 et
1765 4430 1938 4501 negligentia
1952 4435 2032 4507 depe-

393 4520 439 4576 illc
449 4534 531 4592 quem
546 4519 630 4573 nimia
643 4519 759 4590 cogebat
772 4519 948 4590 compunctio
967 4518 994 4572 in
1008 4518 1187 4573 bonitatesua
1237 4514 1325 4568 rireni
1339 4532 1347 4569 ε
1363 4513 1412 4569 bet
1432 4531 1542 4587 quoque
1555 4519 1711 4591 benignitas
1722 4522 1841 4580 eiectum
1861 4525 1937 4584 bunc
1951 4529 1986 4585 de
1996 4541 2034 4585 tot

394 4612 527 4683 persistit,
541 4607 704 4682 vocatisque
720 4611 863 4674 iratribus,
877 4613 980 4683 illigata
995 4611 1116 4666 braciriis
1128 4611 1187 4665 lora
1239 4606 1361 4661 millibus
1376 4622 1474 4675 unum,
1490 4610 1538 4680 qul
1554 4619 1582 4665 et
1599 4612 1692 4668 audita
1713 4614 1860 4671 humiliter
1875 4620 1961 4676 sciret
1975 4637 2034 4678 sut·

390 4701 557 4764 dissolvere,
581 4715 685 4770 eosque
700 4700 770 4766 tolli,
796 4711 826 4756 ut
851 4701 1069 4757 benedictionem
1085 4702 1188 4770 pariter
1202 4689 1226 4743 ὓ
1239 4702 1340 4772 cipere,
1356 4704 1508 4776 eademque
1532 4705 1636 4763 iuturis
1660 4710 1770 4765 saeculis
1785 4710 1813 4766 iu
1833 4727 1889 4769 auo
1913 4725 2035 4786 tempore

394 4792 562 4858 acciperent,
585 4792 726 4858 indicarit,
749 4807 805 4846 non
826 4793 971 4848 immemor
985 4793 1095 4862 quidem
1115 4793 1190 4861 tipo·
1241 4794 1357 4850 tideliter
1375 4796 1507 4852 revelare.
1523 4796 1625 4854 Verum
1640 4801 1705 4870 quia
1724 4801 1752 4855 in
1767 4803 1811 4858 iris
1825 4803 1979 4861 deventum
1995 4816 2035 4862 eti

361 4875 364 4880 ’
395 4879 470 4948 stuli,
487 4882 615 4937 iuimicus
630 4891 739 4937 nostros
761 4891 825 4951 potu
840 4884 959 4954 ciboque
979 4883 1079 4940 debere
1094 4886 1189 4940 satiari
1241 4884 1320 4950 locis,
1340 4884 1375 4940 de
1393 4887 1595 4955 questionibus
1608 4904 1705 4945 eorum
1721 4906 1810 4962 pauca
1829 4900 1926 4950 tamen
1942 4897 2036 4952 audie·

389 4971 486 5045 (Rom.
507 4975 578 5042 xrr);
604 4988 675 5044 quos
701 4988 785 5045 porro
814 4974 902 5030 adse
926 4976 1064 5043 reductos,
1080 4977 1114 5031 de
1132 4980 1191 5035 suis
1241 4989 1304 5029 mus
1319 4975 1421 5042 pariter
1435 4979 1679 5050 utquerespousis.

391 5064 490 5136 reris
509 5064 617 5121 actibus
630 5065 793 5137 increparit,
807 5074 835 5120 et
856 5079 923 5135 pace
938 5066 1008 5120 inter
1024 5081 1054 5121 se
1074 5067 1191 5135 reddita,
1276 5064 1321 5119 22.
1344 5064 1384 5134 (ι)
1404 5065 1473 5120 Cum
1500 5063 1573 5122 e'nim
1599 5080 1694 5139 pastor
1708 5070 1742 5126 de
1756 5078 1886 5129 oratione
1919 5090 2037 5147 oquere·

390 5164 428 5210 ιιι
447 5155 577 5227 deinceps
593 5171 609 5211 a
623 5164 708 5212 tantae
729 5156 901 5212 crudelitatis
923 5155 1030 5211 insania
1050 5165 1193 5213 cessarent
1242 5165 1298 5220 tur,
1313 5157 1463 5228 praedictus
1473 5158 1626 5230 discipulus
1641 5163 1821 5235 interrogarit
1838 5180 1905 5222 cum
1918 5170 2038 5237 qualiter

397 5247 673 5321 admonuiusicque
690 5249 925 5320 illosadpropria
945 5249 1219 5306 ircdirnisit.Cee·''
1241 5258 1314 5305 essct
1353 5251 1390 5305 ibi
1416 5252 1592 5307 metiendum.
1622 5252 1674 5308 Cui
1709 5257 1852 5325 respondit
1878 5274 2038 5318 sermonem

394 5352 499 5413 parunt
515 5358 584 5414 erqo
609 5343 710 5400 iretres
734 5343 855 5415 gaudere
871 5343 984 5399 insimul
1005 5354 1032 5400 et
1046 5342 1190 5411 admirari,
1238 5342 1433 5413 ¹hujuscemodi
1450 5361 1457 5397 :
1473 5363 1483 5395 ι
1498 5342 1607 5417 idoyses
1629 5346 1656 5400 in
1679 5348 1806 5405 oratione
1825 5364 1877 5406 sua
1892 5356 2039 5413 manuaad

389 5446 485 5505 eoque
503 5436 623 5507 amplius
644 5435 720 5507 quod
745 5436 799 5492 illis
825 5436 865 5493 sic
888 5436 1041 5504 contigerat
1057 5437 1193 5507 quemad·
1243 5436 1391 5493 Dominum
1409 5438 1541 5510 erigebat,
1568 5455 1631 5498 cum
1645 5440 1730 5499 losue
1756 5443 1885 5501 minister
1899 5447 1965 5519 eius
1987 5465 2039 5522 pu·

396 5526 509 5581 nodum
534 5527 618 5586 irater
632 5539 661 5584 et
673 5529 828 5601 discipulus
842 5530 888 5586 ille
902 5530 1055 5586 asserendo
1071 5530 1193 5602 propbe-
1244 5530 1344 5600 gurbei
1360 5539 1456 5585 contra
1473 5532 1595 5589 Amalec.
1610 5532 1644 5590 Ει
1654 5534 1776 5608 quandiu
1799 5552 1901 5595 manus
1916 5541 2041 5600 eieratas

392 5616 483 5674 murto
499 5620 672 5688 predixerat.
1244 5622 1365 5690 tenebat,
1381 5622 1499 5694 populus
1511 5638 1581 5681 suus
1592 5627 1735 5696 vincebat;
1753 5643 1817 5685 cum
1832 5644 1936 5689 manus
1947 5635 2041 5690 dimit·

432 5708 478 5765 tt.
493 5709 634 5767 tite-nero
644 5711 689 5770 die
701 5721 730 5769 et
742 5713 856 5798 quidam
870 5713 1044 5772 aliieausam
1059 5716 1192 5795 babentes
1246 5714 1384 5783 rebantur,
1410 5715 1456 5772 ille
1481 5718 1644 5775 vincebatur
1661 5721 1793 5777 :tandem
1821 5722 1918 5780 Aaron
1946 5736 1978 5784 et
2006 5726 2044 5785 ιιι·

395 5800 591 5891 mneualde
605 5803 728 5873 periculo
743 5806 864 5877 plenam,
878 5807 1013 5865 advirum
1029 5808 1076 5865 liei
1090 5824 1193 5867 conee-
1244 5814 1471 5867 sustentaverunt
1490 5810 1515 5867 ei
1539 5827 1649 5880 matitia,
1675 5811 1763 5871 donec
1778 5814 1897 5875 victorie
1911 5814 2044 5894 iuiipei'·

391 6013 396 6020 ·
436 5989 475 6063 (a)
491 5983 595 6044 eonter
613 5999 675 6060 cap.
693 5983 744 6043 liii
763 5981 962 6045 Sapientiores
984 5987 1070 6046 suncti
1086 5984 1230 6059 sepiem,
1246 6001 1340 6061 ruprr.
