4584 6767
387 576 468 635 tttt.
658 521 670 548 ’
922 541 1144 624 serranum
1163 546 1495 617 omuntnoureusts
1566 529 1578 608 J
1968 545 2026 605 rrtt

385 705 444 751 tour
460 692 484 749 si
498 688 562 762 quis
575 690 642 747 dare
653 687 781 755 uoluerit,
794 684 869 741 nulia
884 688 1045 755 paupertate
1057 686 1182 752 cogente,
1197 676 1221 738 ’Δ
1238 674 1318 730 robis
1335 689 1390 729 non
1410 665 1604 744 querentibus,
1615 637 1665 722 nec
1676 661 1849 737 eligentibus
1879 674 1931 718 eas
1953 659 2026 717 tede

387 784 543 856 accipiatis.
1234 767 1301 831 rint,
1317 780 1400 836 qnam
1416 762 1440 819 si
1455 757 1642 832 querentibus
1653 766 1681 813 et
1701 756 1877 827 eligentibus
1899 767 1951 811 eas
1961 753 2028 809 robis

604 904 606 907 ν
668 870 784 928 CAPUT
803 869 898 927 livill.
1233 857 1395 930 preberent.
1411 848 1761 923 thuoampliusbcceis
1776 846 2028 919 placebit,eogrr·
2074 897 2075 906 ,

604 966 643 1020 De
657 966 735 1019 nando
747 960 979 1018 accommodarent.
1234 950 1290 1004 iius
1302 962 1318 1001 a
1329 945 1385 1001 Deo
1396 944 1574 1014 recipientur.
1589 940 1646 998 Vos
1671 950 1762 997 attium
1783 939 1860 995 velle
1882 937 1992 993 debetis
2001 937 2029 993 de

422 1058 482 1128 (tlt)
504 1056 532 1113 Si
549 1059 664 1129 quilibet
677 1054 784 1111 amicus
798 1060 888 1108 tester
910 1051 974 1105 relit
990 1065 1006 1106 a
1025 1049 1103 1106 robis
1118 1063 1183 1104 oen·
1234 1039 1348 1111 singulis
1366 1037 1536 1103 bonrinibus,
1552 1043 1683 1106 tanquam
1698 1034 1732 1089 de
1753 1028 1992 1101 ‘vobismetipsis
2005 1038 2029 1086 tl

381 1160 451 1202 sum
471 1158 595 1204 restrum
622 1155 718 1203 mutuo
746 1141 881 1213 accipere,
909 1142 983 1196 nulla
1009 1142 1181 1203 necessitate,
1234 1134 1355 1190 divinam
1372 1130 1475 1187 iaciant
1490 1129 1668 1185 voluntatem.
1694 1124 1724 1197 Si
1750 1139 1819 1181 rero
1851 1122 2030 1189 inquisitione

389 1258 475 1312 quaro
494 1244 553 1313 ipse
569 1244 700 1314 patiatur,
713 1238 884 1295 nnlloetiaur
906 1232 1184 1291 beneficiorebisab
1234 1235 1325 1284 restra
1349 1223 1500 1279 exteriores
1525 1220 1577 1275 riri
1601 1218 1682 1275 rolris
1707 1217 1910 1287 eleemosynas
1936 1213 2032 1269 tribon·

388 1334 449 1403 ipso
464 1333 575 1399 collato,
587 1346 685 1387 aurum
704 1329 747 1384 rel
762 1335 907 1398 argentum
923 1325 981 1383 sire
1006 1337 1144 1377 annonam
1158 1320 1184 1375 ui
1236 1329 1308 1386 rent,
1335 1317 1427 1372 minus
1442 1314 1482 1371 cis
1497 1315 1629 1387 placeret,
1647 1320 1674 1367 et
1697 1317 1775 1366 tanto
1791 1308 1889 1379 magis
1917 1306 2033 1363 eleemo-

388 1422 615 1479 accommodctis.
630 1420 659 1476 Si
674 1434 742 1475 vero
755 1416 895 1488 quodlibet
909 1416 1011 1470 borum
1027 1412 1119 1467 relita
1135 1426 1184 1464 ro-
1235 1428 1304 1485 syoa
1322 1406 1415 1465 coram
1431 1408 1520 1464 oeulis
1542 1405 1591 1461 bet
1607 1405 1789 1484 minneretur,
1815 1408 1933 1473 quanto
1952 1398 2037 1471 tnag's

388 1513 432 1569 bis
459 1521 595 1576 mutuare,
623 1511 649 1565 ei
672 1525 721 1566 ros
751 1507 866 1578 potestis
890 1513 918 1560 et
942 1501 1182 1567 accommodare,
1235 1503 1307 1559 bona
1322 1504 1450 1559 voluntas
1464 1513 1560 1555 eorum
1573 1498 1753 1553 decresceret.

391 1606 454 1661 date
468 1605 562 1675 potins
581 1604 630 1671 illi,
648 1616 743 1657 amore
754 1600 841 1669 ipsius
854 1598 902 1668 qui
914 1597 993 1652 robis
1008 1595 1061 1650 boe
1073 1593 1182 1660 tribuit;
1525 1605 1640 1665 ggpiip
1658 1605 1741 1661 xiiii,

390 1696 414 1751 si
427 1696 595 1750 tamendare
622 1692 736 1764 possitis
752 1690 856 1760 absque
881 1688 983 1743 damno
1002 1695 1101 1741 restrae
1121 1684 1185 1739 reli·
1236 1708 1314 1775 Quod
1328 1707 1364 1762 ad
1379 1705 1482 1760 nuum„
1506 1702 1666 1772 prom-mm
1694 1698 1820 1752 minam
1843 1695 1904 1751 ,ξεῖ
1927 1694 1996 1767 Μ
2015 1704 2039 1750 α

391 1786 492 1856 glunic,
509 1793 537 1839 et
563 1784 604 1839 sic
629 1781 762 1850 majorem
781 1777 976 1848 perlectionem
1005 1774 1113 1830 iacietis
1128 1794 1135 1840 ς
1160 1774 1184 1828 si
1411 1784 1540 1846 qnnrrtmn
1552 1772 1586 1827 tit
1597 1771 1671 1839 prins
1685 1768 1849 1839 designetur.

391 1876 465 1933 euim
485 1875 568 1931 alicui
584 1873 729 1945 pecuniam
754 1880 873 1925 uestram
886 1863 1143 1930 accommodaretis,
1158 1870 1186 1918 oi
1271 1870 1379 1925 llarsus
1402 1866 1504 1936 siquis
1521 1863 1600 1919 robis
1621 1860 1741 1917 dixerit:
1763 1858 1869 1914 liittite
1896 1858 1933 1914 ad
1955 1872 2041 1914 anno-

391 1969 451 2037 lpse
463 1966 570 2021 iuterim
585 1963 724 2018 modicum
738 1960 805 2030 quid
819 1958 896 2015 robis
912 1957 1055 2022 tribueret,
1071 1956 1133 2009 inde
1145 1953 1185 2008 ie·
1236 1960 1367 2027 noiomi
1387 1956 1522 2012 adolium
1546 1966 1659 2010 censum
1691 1956 1842 2014 meamet
1871 1948 2040 2003 (laborabis

393 2052 612 2114 neratorrs'esse
636 2053 765 2123 possetis.
781 2050 882 2106 Cavete
907 2048 1039 2119 igiturne
1056 2045 1184 2116 praedicta
1235 2068 1269 2110 ox
1283 2067 1334 2119 oo;
1350 2050 1435 2105 nolite
1446 2046 1586 2118 inquirere
1599 2044 1633 2101 de
1654 2044 1694 2100 rei
1708 2040 1854 2115 promissae
1870 2042 2039 2111 quantitate,

392 2146 628 2209 arcournodetts;
646 2159 701 2198 nott
723 2152 765 2197 est
787 2141 861 2196 euim
883 2148 979 2196 contra
996 2136 1184 2208 Evangeiium,
1237 2160 1272 2201 oo
1282 2143 1343 2199 sitis
1357 2141 1397 2196 rei
1412 2137 1581 2209 cupiditatis,
1604 2151 1686 2208 quam
1710 2133 1762 2190 nisi
1782 2132 1866 2188 robis
1884 2134 1949 2203 ipse
1965 2130 2039 2188 dooi.

393 2239 418 2296 si
437 2252 493 2298 nou
509 2233 724 2292 accommodatis
735 2241 763 2291 et
777 2232 843 2286 dare
862 2230 954 2284 rrrltis.
1237 2234 1370 2306 gnarcrit,
1386 2232 1494 2286 mittere
1508 2245 1562 2285 nou
1590 2224 1771 2297 presumatis.
1789 2222 1876 2291 Quod
1900 2224 1926 2280 si
1943 2232 2038 2295 postes

710 2321 826 2378 CAPUT
842 2320 913 2375 ΚΙΧ·
1237 2341 1287 2381 ros
1302 2321 1474 2394 interroget:
1489 2339 1499 2373 t
1517 2319 1607 2387 Quare
1625 2332 1680 2373 non
1698 2316 1846 2383 misistis»
1864 2317 1911 2372 sic
1938 2326 1967 2372 et
1979 2331 2038 2371 res·

389 2483 392 2488 Ι
584 2413 623 2468 sse
635 2430 686 2467 uon
698 2412 824 2483 riioardr'r
840 2410 1001 2465 uirtutibus·
1238 2415 1374 2488 pondere:
1390 2433 1399 2466 r
1418 2411 1615 2485 ignorabamus
1626 2409 1666 2465 rei
1681 2407 1825 2479 promissae
1838 2406 2037 2479 quantitatem,

430 2506 460 2563 δί
476 2506 549 2577 (iulis
566 2506 624 2561 ⁸⁰¹³
640 2502 686 2558 ⁰01
702 2502 789 2573 gratia
802 2509 968 2567 ⁰0fflffl⁰i⁰⁵t
982 2499 1060 2555 l⁰l>i⁵
1084 2497 1188 2569 illium
1237 2515 1266 2564 et
1280 2507 1341 2563 ideo
1356 2513 1403 2561 ant
1416 2519 1465 2560 ros
1485 2509 1534 2558 aut
1549 2517 1611 2568 nos,
1631 2500 1659 2555 in
1677 2499 1729 2556 boc
1754 2497 1925 2572 delinquere
1944 2515 2039 2570 posse·

393 2600 428 2658 tle
445 2599 515 2664 suis,
529 2597 607 2667 juxta
622 2595 729 2650 libitum
744 2601 865 2649 restrum
884 2592 950 2647 dare
963 2591 1187 2660 rolensbeuigua
1239 2592 1354 2655 „mosi
1374 2597 1447 2651 etnim
1465 2594 1499 2650 ad
1531 2592 1622 2663 majus
1646 2591 1820 2648 misissemus
1842 2605 1935 2662 quarn
1961 2590 2037 2647 nobis

394 2689 530 2746 enaritate
542 2686 652 2754 dixerit,
667 2694 697 2739 ut
715 2685 749 2740 de
772 2684 881 2761 duobus
904 2691 952 2738 aut
976 2681 1099 2753 pluribus
1113 2679 1188 2751 quod
1239 2691 1305 2747 doio
1324 2687 1525 2760 disponebatis,
1548 2686 1611 2742 inde
1634 2684 1766 2756 conqueri
1791 2683 1945 2755 possetis:
1965 2682 2037 2739 Etsi

373 2779 623 2851 .stuitli¹1⁵t't¹lii⁵‚
638 2777 756 2847 eligatis,
773 2792 803 2832 ὅθ
814 2775 888 2845 (1110(ἰ
899 2775 1018 2831 electum
1031 2773 1123 2839 suerii·
1137 2772 1188 2827 (¹²-
1238 2783 1301 2853 plus
1315 2781 1395 2837 nobis
1406 2779 1573 2841 tribueretis,
1586 2777 1639 2833 boc
1651 2777 1730 2833 robis
1755 2776 1937 2834 subtraxisse
1961 2776 2036 2832 ride·

397 2869 676 2940 irlfufflllfflfflilifflls·
692 2881 867 2936 ”edilium
890 2863 1188 2934 ⁸i¹i0⁸²f¹¹m0¹ilei⁰2
1241 2889 1359 2940 retnnr;
1388 2872 1494 2928 sinere
1515 2870 1549 2925 ad
1578 2870 1670 2925 miuus
1697 2867 1883 2935 misissemus,
1913 2867 2033 2924 forsitan

396 2959 445 3016 ⁵⁰1¹
456 2974 550 3025 illumi
568 2959 621 3013 ¹¹⁰⁶
635 2960 724 3013 ⁸⁰¹⁰¹¹¹
747 2957 847 3028 (tuille
868 2957 990 3029 eliilsfii
1013 2957 1112 3027 abi'icti
1126 2971 1190 3012 0³⁸0
1239 2966 1319 3023 robis
1330 2965 1499 3035 displiceret,
1512 2968 1540 3017 et
1556 2961 1619 3016 ideo
1632 2959 1742 3015 mittere
1753 2957 1913 3015 noluimus.
1931 2978 1943 3012 r
1958 2957 2040 3017 beol-

395 3052 521 3108 irdomo
533 3050 580 3105 ner
595 3048 683 3121 irent.
711 3050 828 3119 nixum
846 3067 854 3116 ;
873 3049 913 3104 ne
928 3049 1058 3104 :cunei
1076 3062 1190 3118 respon·
1240 3073 1295 3129 qne
1309 3056 1332 3113 et
1345 3056 1384 3111 ru
1395 3034 1577 3126 quantitatem
1591 3050 1669 3107 voute
1692 3049 1828 3121 detonet,
1849 3048 1936 3124 tratre
1962 3058 2040 3120 onu-

399 3143 483 3200 dete:
504 3143 601 3198 «Deus
618 3142 696 3198 robis
721 3141 836 3197 immisit
858 3142 1025 3197 voluntatem
1041 3140 1189 3208 tribuendi,
1241 3150 1291 3206 otio
1305 3143 1663 3216 mittore‚qnaudcquidem
1684 3141 1745 3213 ipso
1759 3139 1893 3197 alimento
1916 3142 1974 3198 ooo
1990 3157 2040 3198 oo.

396 3233 471 3303 quod
486 3233 567 3289 uobis
592 3232 773 3302 praesentatis,
798 3241 825 3287 et
849 3232 914 3302 qnia
930 3230 990 3286 sine
1012 3229 1191 3300 inquisitione
1241 3241 1378 3312 oipoiotio
1392 3236 1521 3308 sopor-bin
1533 3234 1672 3291 rideretur
1683 3232 1738 3289 nisi
1752 3231 1913 3300 mitteretis,
1930 3247 2040 3303 mamper

396 3331 502 3391 nostra,
515 3324 584 3379 reile
609 3330 636 3380 et
649 3338 731 3395 posse
746 3321 862 3378 faciendi
879 3322 981 3377 benum
1005 3321 1078 3391 qnod
1106 3320 1190 3376 ruitis
1203 3352 1227 3416 c
1241 3342 1332 3388 ooroio
1347 3330 1375 3385 io
1389 3327 1473 3385 eorde
1494 3334 1584 3383 restro
1608 3309 1752 3397 diligenter
1772 3323 1942 3393 inrestigate
1968 3339 2041 3395 quo·

396 3417 499 3481 lacere,
515 3416 595 3471 robis
619 3415 736 3470 tribuit:
760 3413 912 3469 [teneura
939 3427 993 3468 uon
1019 3411 1190 3483 fatigabitur,
1242 3424 1324 3481 motio
1338 3420 1514 3492 cupiditatem
1540 3418 1659 3488 amplius
1673 3416 1760 3472 ritare
1785 3414 1908 3487 possitis
1925 3413 1963 3471 Et
1977 3415 2041 3470 abs·

398 3506 446 3562 sed
463 3510 540 3563 robis
556 3509 681 3565 ostendet
693 3507 759 3579 quid
783 3506 864 3562 nobis
879 3504 1033 3577 prebeatis.
1048 3502 1116 3559 Nam
1132 3504 1192 3575 ipse
1241 3532 1295 3590 qno
1306 3514 1390 3571 (ionio
1411 3514 1491 3570 robis
1503 3512 1631 3584 dicimus,
1647 3508 1721 3581 quod
1732 3509 1795 3581 plus
1808 3507 1889 3565 etiam
1910 3508 2042 3577 perum:

397 3596 474 3654 solus
485 3600 559 3655 norit
575 3599 734 3670 quidnobis
756 3607 783 3655 et
796 3597 875 3654 robis
888 3611 1000 3653 neeesse
1013 3595 1082 3651 sin:
1241 3607 1402 3679 temporali,
1417 3648 1426 3673 ‚
1456 3605 1559 3661 idcirco
1586 3602 1748 3669 onomius,
1774 3600 1940 3671 inquinata
1964 3600 2041 3656 anino

700 3690 815 3747 CAPUT
831 3689 890 3746 XX·
1242 3699 1397 3766 Dominam,
1409 3712 1461 3752 nen
1476 3696 1628 3749 mirarentur
1651 3690 1802 3748 enaiim
1814 3688 1902 3761 (Porri.
1924 3692 2039 3761 xxxru).

598 3783 637 3839 De
648 3785 867 3855 corrirnterrritate
879 3782 999 3840 nitendo.
1523 3784 1639 3854 CAPUT
1655 3782 1751 3839 xxttt.

434 3876 666 3942 comessationes,
683 3893 752 3949 quas
764 3879 881 3947 populus
895 3877 1133 3934 cortlraternitates
1146 3893 1191 3933 ro·
1419 3880 1517 3947 Quales
1529 3878 1646 3933 redditas
1657 3876 1736 3931 liceat
1752 3874 1857 3931 bolom.

400 3980 474 4035 eant,
488 3971 564 4026 nullo
577 3981 658 4039 pacto
669 3969 772 4025 iaciant
788 3970 860 4040 apud
880 3985 938 4025 vos.
955 3970 983 4025 st
994 3985 1060 4026 vero
1075 3970 1122 4026 nbi
1142 3985 1193 4028 ros
1280 3975 1339 4044 its)
1359 3971 1388 4028 Si
1403 3972 1466 4042 quis
1478 3969 1557 4026 robis
1568 3969 1686 4024 dixerit:
1708 3965 1898 4037 «Huiusmodi
1915 3966 2041 4021 eleetos·

351 4137 353 4142 ⁴
401 4063 579 4118 nonlrreritis
602 4077 653 4117 ncc
670 4061 935 4116 nuntiumvestrum
964 4062 1106 4129 miseritis,
1125 4078 1193 4118 eon·
1245 4066 1522 4140 oynamtlaborobis
1539 4064 1723 4119 aunuatimin
1743 4070 1816 4117 terra
1831 4069 2038 4132 mentamego

401 4152 604 4209 fraternitatem
626 4152 809 4217 constituant,
824 4160 851 4207 et
875 4152 1050 4222 postmodum
1065 4155 1194 4223 proeelle
1245 4175 1328 4233 quoin
1343 4160 1390 4216 filii
1406 4160 1472 4226 mei,
1494 4158 1609 4213 minime
1635 4154 1781 4226 respuatis.
1800 4174 1810 4206 r
1828 4152 1877 4210 Sic
1904 4152 2037 4209 auteuoi

407 4258 472 4310 suo,
490 4244 553 4298 inde
569 4244 646 4300 robis
655 4242 764 4315 'aliquid
776 4244 902 4312 aderam,
928 4243 1002 4299 licite
1020 4246 1135 4316 potestis
1146 4262 1194 4302 ac·
1245 4249 1430 4321 respondete:
1450 4268 1459 4301 r
1478 4247 1604 4314 Quandiu
1635 4246 1713 4302 robis
1731 4245 1876 4317 placuerit,
1892 4245 1947 4300 boc
1962 4243 2038 4299 acci·

402 4335 505 4405 cipere,
517 4346 544 4389 et
559 4336 710 4390 seeundum
723 4336 848 4391 ordinem
862 4348 983 4394 restrum
1009 4338 1132 4393 modeste
1147 4353 1195 4393 er·
1246 4345 1364 4415 piemon.
1385 4360 1394 4395 r
1412 4338 1512 4397 Postea
1531 4353 1597 4395 sero
1620 4338 1680 4410 ipso
1701 4340 1835 4393 retinente
1849 4337 1899 4408 qui
1915 4336 2037 4400 dederat,

402 4426 531 4497 pendere.
557 4426 682 4493 Quodsi
705 4428 766 4499 buc
788 4430 890 4496 venire,
906 4440 934 4486 et
958 4431 985 4485 in
1012 4430 1080 4485 locis
1096 4429 1196 4485 reatris
1246 4436 1289 4490 vel
1311 4433 1465 4490 baeredibus
1492 4432 1570 4502 cirre,
1590 4439 1638 4487 aut
1661 4432 1754 4501 aliquo
1778 4438 1899 4499 raptore,
1923 4428 1979 4485 boe
1999 4429 2039 4485 eis

402 4519 560 4573 carruvium
573 4535 653 4573 suum
671 4519 771 4585 iacere,
784 4529 811 4575 et
827 4522 950 4591 requiem
967 4521 1151 4591 spiritualem,
1167 4520 1196 4573 in
1247 4526 1400 4594 auferente,
1424 4535 1516 4596 petere
1537 4524 1651 4595 potestis
1671 4524 1723 4580 boe
1745 4523 1826 4578 modo
1843 4540 1850 4578 :
1870 4540 1881 4575 r
1904 4520 2039 4576 Nolumus

404 4623 457 4677 qua
474 4625 536 4664 cum
550 4606 606 4665 Deo
634 4620 804 4679 permanere·
818 4612 934 4678 debetis,
957 4614 1121 4668 imminuere
1145 4626 1195 4665 rc·
1247 4635 1298 4675 ooo
1311 4619 1440 4688 ignorare
1455 4617 1530 4687 qnod
1561 4616 1866 4687 eleemosynario-qua
1888 4602 1972 4668 nobis
1990 4627 2040 4668 an-

405 4696 515 4763 luerint,
531 4698 687 4755 nullatenus
700 4701 725 4754 id
741 4702 797 4755 lieri
816 4705 992 4770 permittatis,
1009 4720 1059 4759 nee
1074 4703 1195 4774 psalmos
1211 4692 1233 4747 ὓ
1247 4710 1352 4765 onotirn
1370 4707 1551 4773 tribuebatur,
1582 4706 1746 4776 accepistis:
1764 4724 1774 4758 r
1791 4703 1991 4771 Quoosteuso,
2015 4702 2039 4759 ri

406 4790 508 4857 dicere,
523 4806 574 4845 nee
591 4792 665 4848 aliud
692 4792 817 4848 divinum
838 4794 955 4849 odicium
981 4804 1090 4865 propter
1114 4812 1197 4867 pecu-
1247 4801 1336 4871 placet
1355 4800 1380 4855 ei
1392 4808 1529 4869 quatenus
1550 4797 1604 4852 boe
1616 4796 1694 4852 vobis
1719 4796 1826 4860 reddat,
1841 4796 1906 4851 date
1922 4795 2039 4865 gloriare

406 4882 480 4938 uiam
505 4882 644 4937 celebrare
671 4884 853 4953 presumatis.
885 4884 955 4938 liena
983 4885 1056 4939 euim
1085 4886 1197 4940 exaudit
1248 4889 1417 4960 lieozquod
1434 4889 1458 4945 si
1485 4887 1721 4954 lacerenoiuerit,
1745 4903 1780 4943 ne
1802 4886 2040 4957 repetatis,idest

408 4975 560 5029 orationem
572 4990 634 5045 quae
648 4976 677 5031 ut
692 4991 725 5030 er
738 4975 881 5041 charitate,
893 4978 1043 5046 reprobans
1055 4992 1115 5032 earn
1135 4994 1197 5048 quae
1247 4997 1310 5037 curn
1321 4995 1355 5037 eo
1367 4980 1472 5051 judicio
1500 4979 1614 5036 minime
1629 4979 1812 5045 cnrrtendatis,
1831 4979 1881 5034 sed
1902 4976 1960 5033 lieo
1975 4993 2039 5050 gra·

407 5066 531 5137 procedit
543 5082 577 5122 ex
594 5068 754 5139 cupiditate.
958 5067 964 5095 '¹
1249 5075 1301 5130 tias
1312 5075 1394 5147 agite,
1410 5075 1474 5144 quia
1496 5073 1548 5129 sibi
1569 5073 1673 5143 placuit
1685 5074 1759 5144 quod
1777 5074 1830 5128 boe
1845 5071 1928 5128 robis
1942 5071 2040 5126 tandiu

716 5158 830 5215 CAPUT
844 5160 915 5217 ffl-
1248 5168 1373 5239 permisit
1385 5165 1503 5234 babere:
1521 5165 1680 5235 hujusmodi
1706 5163 1829 5220 redditus
1840 5171 1949 5218 tantum
1962 5161 2042 5217 robis

585 5252 624 5307 lle
637 5252 808 5325 eleemosynis
821 5271 872 5308 troo
887 5253 1025 5324 eligendis.
1249 5261 1350 5317 bobono
1365 5260 1541 5317 concedimus
1558 5277 1565 5326 ;
1593 5257 1715 5329 quandiu
1742 5269 1918 5327 possessores
1943 5266 2054 5324 eorum,

443 5344 510 5401 item
531 5360 628 5401 omnes
644 5347 834 5418 eleeurospnas
861 5362 929 5417 quas
945 5345 1066 5417 Spiritus
1086 5354 1198 5402 sauctus
1251 5353 1332 5408 robis
1359 5368 1407 5407 ces
1433 5350 1611 5417 reddiderint,
1635 5348 1771 5419 accipite;
1787 5362 1850 5402 curn
1863 5343 2042 5408 retinuerint,

408 5435 549 5508 generabit
572 5437 600 5490 in
626 5438 757 5493 cordibus
781 5437 935 5505 lromiuurn,
960 5437 1064 5508 absque
1087 5435 1200 5508 inquisi·
1249 5437 1297 5499 ‘eos
1312 5443 1446 5513 patienter
1465 5442 1604 5497 dimittite.
1621 5439 1753 5512 l'osergo
1774 5451 1912 5493 memores
1932 5434 2042 5491 consilii

409 5531 484 5586 tione
511 5540 538 5585 et
552 5530 685 5586 electione
714 5540 804 5592 restra
831 5531 905 5586 licite
931 5532 1047 5602 potestis
1064 5532 1198 5601 accipere.
1249 5532 1426 5590 lesquristi
1439 5532 1556 5587 dicentis
1572 5552 1579 5587 :
1595 5533 1649 5599 Qui
1676 5532 1764 5602 aufert
1787 5543 1847 5599 qaoe
1868 5538 1917 5582 tao
1935 5533 1999 5579 sant
2012 5539 2044 5576 ne

410 5619 468 5677 llac
478 5623 561 5676 etiarn
572 5622 629 5676 sola
644 5624 760 5689 ratione,
786 5623 911 5690 quamvis
927 5631 1031 5678 ceterae
1045 5622 1134 5678 desint
1155 5636 1201 5675 ra·
1250 5632 1352 5695 repetes
1369 5623 1445 5695 (lac.
1462 5625 1501 5693 rr)
1516 5666 1523 5689 ,
1540 5638 1682 5694 uunquam
1696 5638 1760 5679 cunr
1775 5620 1843 5675 viris
1855 5616 2045 5676 exterioribus

351 5711 358 5730 ”
410 5709 510 5774 tiones,
524 5723 620 5764 carcre
645 5711 750 5768 debetis
772 5727 806 5767 ne
822 5728 836 5765 a
852 5711 917 5767 uiris
940 5711 1115 5767 sacularibus
1129 5711 1201 5766 elec·
1247 5717 1354 5789 jndicio
1368 5716 1551 5781 contendatis,
1565 5717 1613 5771 sod
1629 5716 1721 5785 potius
1737 5695 1852 5783 inpare
1876 5723 2042 5781 permaneu-

410 5814 540 5873 mospnas
569 5805 710 5873 quaeratis,
739 5806 804 5876 quia
822 5806 911 5876 magis
934 5805 1051 5875 placebit
1069 5805 1109 5862 eis
1136 5822 1199 5863 curn
1253 5816 1303 5873 tes,
1319 5805 1664 5877 Deojugitcradluercatis.

447 5959 505 6033 (iii
525 5961 624 6021 Totum
635 5967 772 6023 sublatum
784 5974 827 6023 est
843 5965 961 6038 perlnn.
979 5965 1022 6020 lv.
1288 5966 1342 6037 (35Ἰ
1364 5964 1462 6021 Totum
1476 5965 1612 6021 sublatum
1629 5974 1667 6021 est
1682 5961 1783 6049 abluo.
1799 5958 1864 6016 list
