4584 6767
397 536 469 593 lili
1016 540 1218 599 ctsbsutts
1246 540 1280 596 Ιιι
1296 538 1398 596 PAPAE
1966 540 2039 597 {did

394 650 515 719 stulare,
539 651 706 714 fraternitati
730 667 827 714 vestrae
854 670 903 729 per
924 657 1074 728 apostolica
1088 657 1189 727 scripta
1206 664 1229 722 ,t
1243 671 1317 730 gere,
1332 664 1361 711 et
1372 655 1395 710 si
1404 652 1510 711 inutilis
1518 652 1676 725 apparuerit
1684 666 1836 722 removere,
1849 654 1925 711 sicut
1937 669 1956 710 s
1968 672 2041 727 prae-

393 743 578 815 praecipiendo
595 747 771 812 mandamus,
789 759 926 820 quatenus
942 759 1113 808 sacramenta
1127 749 1187 818 ipsa
1239 744 1434 802 decessoribus
1448 738 1560 800 nostris
1577 743 1664 799 felicis
1678 743 1890 813 recordationis,
1913 745 2039 823 Pascali,

393 849 456 889 curn
474 835 509 889 ab
517 835 620 890 eisdem
637 834 769 898 iratribus
784 837 891 898 fueritis
906 840 1043 911 requisiti,
1054 839 1188 896 dilatione
1239 833 1372 901 Honorio,
1387 832 1556 900 Innocentio,
1568 832 1653 889 Lucio
1664 834 1786 890 secundo
1798 844 1827 891 et
1840 834 1930 893 Lucio
1956 840 2040 894 tatio

325 929 335 942 ‘
393 933 421 978 et
435 926 617 995 appellatione
629 936 746 996 remota,
759 928 888 987 liberede
897 930 1061 987 auctoritate
1074 940 1187 1002 aposto·
1239 933 1370 982 statutum
1394 938 1456 980 esse
1486 933 1514 979 et
1536 924 1638 993 scripto
1662 940 1714 980 suo
1738 924 1889 983 llrmatum.
1908 924 2040 985 Obeuute

393 1014 446 1070 lica
465 1016 641 1086 impendatis.
1238 1031 1305 1073 vero
1318 1025 1357 1082 te,
1375 1030 1450 1090 nunc
1474 1015 1598 1085 ejusdem
1612 1015 1665 1072 loci
1680 1018 1829 1086 preposito
1852 1020 1899 1074 vel
1923 1028 2039 1077 tuorum

430 1104 529 1160 ilatum
544 1104 684 1174 Laterani,
700 1124 731 1164 ur
743 1108 807 1165 idus
820 1107 999 1180 Septembris,
1010 1109 1188 1181 pontillcatus
1238 1107 1361 1178 quolibet
1378 1121 1583 1173 successorum,
1611 1106 1704 1163 nullus
1721 1107 1759 1162 ibi
1788 1108 1913 1179 quolibet
1941 1112 2040 1167 subte-

394 1197 570 1252 uostrianuo
582 1200 714 1255 secundo.
812 1196 816 1205 ⁴
1237 1196 1341 1265 ptionis
1354 1197 1454 1252 astutia
1467 1211 1514 1252 seu
1533 1196 1662 1252 violentia
1678 1208 1864 1267 preponatur,
1881 1200 1938 1257 nisi
1952 1216 2038 1271 quem

728 1310 849 1367 (χχχιιι.
1238 1287 1337 1344 iratres
1348 1288 1488 1345 communi
1503 1302 1641 1365 consensu
1659 1289 1702 1345 rel
1712 1288 1831 1346 lratrum
1846 1306 1914 1362 pars
1925 1293 2038 1349 consilii

396 1399 587 1457 llonustm'um
599 1379 812 1474 bambergense
832 1405 959 1476 tuendum
975 1403 1186 1475 suscipieris-
1238 1381 1357 1437 ⁸²¹¹i⁰¹i⁵
1380 1380 1530 1437 mundum
1548 1378 1597 1435 Dei
1613 1379 1751 1450 “meme
1780 1383 1916 1440 “⁰⁰⁰5oe
1942 1385 2037 1455 ΡῙΟΎῙ·

385 1535 387 1538 .
484 1489 533 1543 gree
559 1475 736 1542 possessiones
750 1490 781 1527 oe
793 1475 931 1546 priuilegio
947 1475 1097 1544 confirmet.
1237 1471 1328 1527 derint
1341 1472 1507 1543 eligendum.
1520 1470 1593 1527 Saue
1614 1481 1677 1542 post
1704 1471 1906 1542 professionem
1924 1474 2036 1531 exhibi-

628 1563 779 1632 lLaterani,
796 1563 872 1633 Sept.
898 1564 956 1637 lb.)
1180 1585 1182 1587 ·
1238 1569 1307 1629 tam,
1325 1560 1429 1616 nemini
1440 1569 1561 1617 vestrum
1577 1559 1656 1617 liceat
1667 1555 1809 1632 proprium
1831 1562 1899 1633 quid
1923 1562 2036 1629 babere,

484 1649 584 1725 [Horu.
612 1651 766 1723 Metropolis
788 1651 950 1724 salisburg„
968 1652 1012 1721 ιιι,
1040 1652 1098 1726 85.]
1238 1666 1290 1708 nec
1307 1651 1367 1707 sine
1389 1650 1529 1722 praepositi
1552 1651 1598 1708 vel
1620 1652 1847 1722 congregationis
1876 1652 1991 1709 licentia
2006 1654 2038 1709 de

430 1744 557 1799 Cernens
588 1743 747 1813 episcopus,
777 1759 873 1800 servus
893 1760 1037 1800 servorum
1063 1744 1121 1812 liei,
1141 1744 1186 1800 dl·
1238 1743 1358 1798 claustro
1371 1741 1521 1797 discedere.
1537 1739 1593 1796 Sua
1606 1742 1689 1796 etiam
1705 1752 1872 1812 tuorumque
1890 1758 2038 1799 successu-

395 1833 465 1891 lecto
481 1834 535 1888 illio
550 1830 683 1889 Mineruio
696 1834 842 1904 preposito
856 1834 978 1891 ecclesiae
992 1834 1100 1891 Sanctae
1115 1834 1188 1890 blar-
1236 1846 1300 1886 rum
1314 1830 1440 1887 charitati
1456 1830 1613 1902 apostolieae
1633 1830 1705 1886 sedis
1718 1830 1887 1902 benignitate
1898 1833 2036 1902 permitti·

395 1932 496 1995 garetae
506 1923 539 1978 de
548 1921 715 1994 Bnumburg,
728 1924 843 1993 ejusque
856 1922 987 1981 iratribus
1000 1934 1054 1980 tam
1068 1941 1188 1996 pnaesen-
1237 1932 1300 1972 mus
1313 1917 1339 1972 et
1354 1916 1517 1974 roboramus
1530 1926 1561 1972 ut
1575 1917 1679 1984 licitum
1694 1918 1773 1973 robis
1791 1919 1827 1974 sit
1841 1920 2036 1978 ordinationes

396 2015 470 2070 tibus
480 2029 564 2085 quam
580 2012 690 2081 tuturis,
711 2014 864 2085 regularem
885 2016 970 2070 vitam
998 2016 1133 2087 protessis
1158 2017 1187 2072 in
1202 2001 1412 2096 Belericffltlmr
1428 2008 1538 2079 θΙὶιῐιυθ
1555 2009 1741 2066 ecclesiastica
1763 2020 1942 2067 sacramenta
1957 2028 1974 2067 a
1990 2013 2036 2068 be

394 2113 569 2175 perpetuum.
1114 2164 1117 2169 ¹
1239 2099 1283 2155 nis
1296 2100 1431 2170 episeopis
1446 2109 1473 2155 ct
1485 2098 1621 2170 religiosis
1632 2099 1765 2169 accipere,
1784 2100 1807 2156 si
1819 2109 1913 2157 vester
1927 2103 2036 2172 episco-

430 2193 544 2262 Quoties
564 2195 631 2251 illud
650 2211 665 2251 a
689 2196 768 2254 nobis
786 2198 889 2269 petitur
902 2198 977 2269 quod
1001 2199 1139 2256 honestati
1160 2209 1189 2256 et
1241 2206 1294 2263 pus
1313 2191 1472 2247 simoniaca
1485 2192 1528 2247 vel
1542 2191 1595 2246 alia
1607 2191 1734 2247 haeretica
1757 2193 1893 2263 pravitate
1919 2192 2035 2251 inlectus

394 2287 520 2355 religioni
544 2288 690 2344 convenire
717 2288 898 2360 dignoscitur,
923 2291 1017 2346 animo
1041 2306 1092 2347 nos
1111 2292 1189 2348 decet
1238 2279 1499 2351 ιῑιθιῑῑιθῑιιθῑῑιῦι
1515 2280 1590 2337 Μῑι
1618 2281 1778 2351 ²T⁰Si⁰¹ic²
1802 2298 1860 2339 ¹¹⁰ss
1886 2284 2033 2353 hibwlii

394 2374 491 2432 libenti
502 2377 663 2445 concedere,
676 2385 703 2433 et
713 2378 864 2448 petentium
880 2379 1025 2435 desideriis
1037 2395 1189 2453 congruum
1239 2370 1274 2426 td
1288 2369 1421 2425 indicium
1433 2378 1523 2426 tillem
1536 2370 1619 2441 built
1629 2372 1664 2426 ab
1684 2372 1835 2442 apostolica
1851 2371 1920 2430 tede
1940 2388 2034 2445 perer·

394 2468 554 2540 suffragium
570 2469 717 2538 impartiri.
729 2467 807 2526 Unde
821 2470 886 2541 quia
900 2470 1080 2541 berengarius
1095 2486 1189 2526 eomes
1238 2472 1292 2535 pta,
1306 2462 1440 2530 tuitionis,
1455 2461 1609 2518 Birautlum
1622 2479 1708 2518 unum
1721 2464 1838 2535 siugulis
1853 2466 1939 2521 anuis
1959 2466 2036 2522 nobis

395 2555 705 2614 Sulzbaebenallodium
718 2574 799 2615 suum
814 2560 841 2615 in
857 2559 1188 2631 Sulrburgen.territorio
1239 2554 1398 2624 nostrisque
1412 2553 1619 2609 successoribus
1634 2555 1804 2625 persolvetis.
1822 2553 1943 2627 insuper
1955 2558 2035 2616 etia·

394 2647 475 2729 beato
489 2647 571 2704 Petro
583 2658 610 2705 et
625 2658 728 2706 sanctae
742 2649 873 2707 Romanae
884 2651 1014 2708 Ecclesiae
1029 2654 1082 2708 sub
1104 2654 1188 2710 unius
1239 2657 1269 2703 ut
1283 2644 1400 2701 bomine
1415 2652 1511 2701 nostro
1521 2642 1587 2700 lesu
1609 2644 1720 2701 Christo
1731 2645 1856 2703 liberiori
1869 2648 1967 2704 animo
1981 2664 2036 2705 ser·

394 2736 512 2795 Birarrtii
532 2756 625 2798 annuo
640 2756 725 2798 censu
742 2742 787 2812 pia
800 2744 947 2799 devotione
963 2744 1074 2813 obtulit,
1088 2760 1116 2801 ιιι
1135 2762 1190 2818 quo
1239 2737 1329 2805 vialis,
1348 2745 1445 2793 tesllae
1460 2734 1541 2792 ⁵³¹⁰st
1552 2750 1600 2805 W
1610 2736 1703 2792 ⁰¹¹¹¹¹i²
1723 2737 1915 2809 Ριῡιιῠθιιιθε.
1941 2740 2036 2796 statui·

394 2831 567 2889 inhonorem
582 2831 631 2889 liei
644 2843 671 2889 et
688 2837 850 2890 memoriam
861 2836 948 2891 beatae
960 2833 1121 2908 blargnretae
1132 2836 1187 2890 vir·-

394 2920 467 2994 glnis
480 2922 623 2980 ecclesiam
639 2934 758 2980 vestram
778 2934 942 2983 construens
962 2942 1022 2983 eam
1037 2926 1126 2984 ordini
1141 2943 1189 2984 ca·-

395 3012 560 3068 nonieorum
577 3014 743 3083 regularium
754 3015 905 3087 deputavit,
925 3032 978 3073 nos
987 3028 1133 3088 sequentes
1144 3033 1191 3072 ve·

395 3098 476 3171 stigia
492 3102 725 3170 predecessorum
740 3115 897 3161 nostrorum
915 3105 1104 3162 Romanorum
1118 3121 1188 3178 pou-

394 3188 499 3245 tilicum
522 3189 813 3262 Pascbalts,ilonorii,
839 3194 1000 3263 innocentii,
1030 3195 1120 3265 Lucii,
1144 3213 1190 3253 sc-

396 3281 478 3336 cuudi
494 3289 522 3337 ct
536 3282 613 3339 anii
629 3287 713 3352 tertii,
728 3286 819 3343 locum
843 3288 933 3358 ipsum
954 3290 1087 3360 quoniam
1114 3290 1198 3369 beati

394 3367 469 3427 Petri
487 3373 559 3443 juris
572 3375 675 3442 existit,
690 3377 742 3432 sub
762 3378 835 3433 beati
850 3377 923 3434 Petri
945 3390 973 3435 ct
999 3392 1094 3437 nostra
1120 3397 1187 3454 pro-

1200 3341 1223 3400 G

1240 2848 1303 2888 mus
1316 2840 1346 2888 ut
1359 2832 1510 2887 servientes
1528 2830 1611 2887 vestri
1633 2829 1680 2901 qui
1705 2830 1733 2885 iu
1747 2829 1825 2886 curia
1846 2839 1940 2887 vestra
1961 2833 2036 2888 robis

1240 2923 1373 2990 serviunt,
1391 2922 1495 2993 absque
1516 2922 1680 2993 impulsione
1689 2920 1852 2994 parochiani
1867 2921 1898 2977 in
1921 2924 2035 2997 ecclesia

1240 3023 1332 3071 vestra
1356 3016 1470 3071 verbum
1486 3014 1534 3070 bet
1557 3023 1586 3072 et
1607 3000 1707 3069 missas
1721 3012 1847 3082 audiant,
1860 3022 2034 3071 sacramenta

1240 3105 1403 3179 percipiant,
1422 3106 1581 3176 caeterisque
1605 3104 1704 3161 divinis
1727 3104 1835 3175 legibus
1857 3105 2032 3177 subjaceant;

1240 3197 1362 3253 decimas
1374 3212 1441 3252 vero
1458 3198 1598 3253 novalium
1612 3204 1778 3265 nestrorum,
1794 3195 1871 3251 robis
1881 3197 2035 3273 vestrisque

1208 3318 1214 3325 ·
1241 3290 1447 3346 successoribus
1461 3289 1612 3354 habendas,
1631 3298 1737 3345 remota
1759 3288 1962 3359 episcopalium
1987 3287 2035 3343 mi-

1240 3382 1391 3437 nistrorum
1402 3380 1808 3447 contradictioneconcedimus,
1821 3381 1957 3451 utquiete
1971 3382 2035 3436 ineo

395 3462 513 3518 tectione
527 3463 703 3534 suscipimus,
720 3475 748 3521 et
761 3455 906 3537 praesentis
925 3472 1020 3541 scripti
1043 3473 1188 3545 privilegio
1243 3474 1316 3547 quod
1333 3475 1522 3546 assumpsistis
1546 3475 1698 3546 proposito,
1720 3473 1847 3544 largiente
1857 3471 1993 3543 Domino,
2008 3475 2033 3529 iu

396 3557 612 3613 communimus.
639 3557 670 3613 lu
698 3561 795 3632 primis
821 3562 957 3633 siquidem
984 3574 1136 3623 statuentes
1159 3575 1190 3622 ut
1240 3574 1402 3637 perpetuum
1418 3566 1564 3621 maneatis.

396 3646 466 3702 ordo
478 3648 631 3704 canonicus
645 3642 692 3720 qu'i
707 3653 862 3708 secundum
876 3652 961 3710 licum
978 3664 1006 3712 et
1034 3657 1107 3712 beati
1131 3656 1189 3713 bu·
1276 3656 1453 3713 Decernimus
1467 3671 1533 3727 ergo
1547 3665 1576 3711 ut
1590 3655 1657 3711 nulli
1669 3656 1785 3710 omniuo
1796 3655 1942 3711 bominum
1953 3654 2035 3711 liceat

396 3737 1190 3817 gustiuiRegulaminstitutusessetignoseitur,perpetuis
1239 3749 1363 3804 eamdem
1388 3748 1534 3803 ecclesiam
1560 3756 1662 3803 temere
1692 3745 1864 3816 perturbare,
1889 3754 1938 3801 aut
1957 3745 2035 3815 ‘ejus

395 3828 498 3885 ibidem
514 3833 684 3901 temporibus
695 3833 889 3890 inviolabiliter
913 3838 1084 3894 observetur.
1111 3838 1188 3896 Prae·
1240 3839 1432 3911 possessiones
1443 3836 1562 3904 auterre,
1574 3836 1617 3891 rel
1632 3834 1739 3891 ablatas
1757 3836 1886 3901 retinere,
1901 3850 1952 3891 seu
1974 3836 2037 3906 qui·

396 3926 470 3973 terea
485 3935 666 3992 quascunque
688 3924 889 3995 possessiones,
915 3941 1086 3998 quaecunque
1115 3929 1187 3986 bona
1239 3927 1359 3985 buslibet
1384 3927 1575 3983 vexationibus
1595 3924 1720 3997 fatigare,
1744 3924 1793 3981 sed
1809 3925 1904 3981 omnia
1929 3926 2034 3996 integra

396 4010 493 4066 eadem
513 4011 629 4068 ecclesia
655 4014 895 4085 inpresentiarum
914 4016 989 4088 juste
1004 4028 1032 4075 et
1058 4021 1190 4076 munirier
1240 4028 1449 4087 conserventur,
1482 4032 1579 4074 eorum
1613 4032 1663 4087 pro
1690 4031 1811 4088 quorum
1828 4017 2036 4090 gubernatione

395 4100 531 4171 possidet,
557 4112 606 4157 aut
628 4102 655 4156 iu
674 4103 798 4160 luturum
812 4108 990 4163 concessione
1018 4112 1188 4180 pontitleurn,
1241 4126 1274 4167 ac
1296 4109 1495 4166 sustentatione
1520 4122 1650 4165 concessa
1666 4115 1733 4176 sunt
1756 4106 1855 4162 usibus
1869 4108 2036 4165 omnimodis

395 4190 542 4263 largitione
553 4208 647 4264 regum
665 4194 706 4249 rel
718 4197 885 4269 principum,
913 4199 1052 4256 oblatione
1068 4202 1188 4258 fidelium
1240 4200 1397 4271 protutura,
1409 4199 1566 4255 salvasedls
1577 4197 1735 4269 apostolice
1745 4197 1913 4256 auctoritate
1926 4215 1961 4257 ae
1971 4201 2037 4258 dim·

396 4297 445 4339 sev
469 4284 530 4340 aliis
547 4285 631 4356 justis
653 4288 753 4355 modis,
776 4298 923 4358 praestante
938 4290 1066 4359 Domino,
1089 4294 1191 4363 poterit
1241 4290 1335 4346 cesarii
1358 4289 1480 4360 episcopi
1507 4288 1535 4343 in
1550 4286 1682 4358 subjectis
1707 4286 1786 4343 robis
1800 4287 1945 4358 praeiens
1957 4306 2034 4361 paro-

396 4375 524 4446 adipisci,
549 4378 628 4433 ilrnra
656 4379 734 4435 robis
750 4383 906 4451 vestrisque
931 4385 1139 4450 suecessoribus
1162 4396 1191 4443 et
1241 4379 1312 4435 chiis
1326 4376 2034 4449 canorricajustitia.Siquaigiturinfuturumstc.

383 4453 501 4522 'illibata
520 4479 708 4539 permaneant.
728 4469 755 4526 ln
771 4473 873 4542 quibus
887 4474 945 4531 baec
969 4476 1087 4546 propriis
1111 4479 1191 4554 duxi·
1277 4471 1334 4542 1380
1354 4470 1481 4527 Clemens
1501 4468 1644 4526 ⁰³lh0li⁰³³
1664 4467 1797 4526 Ειῦῑθιῑὲ
1819 4470 1986 4543 wimm-

397 4574 461 4616 mus
474 4562 652 4631 exprimenda
670 4564 832 4621 vocabulis:
1279 4561 1377 4617 Datum
1389 4559 1528 4630 Laterani,
1551 4576 1571 4616 ¹¹
1592 4559 1632 4617 ld·
1652 4559 1728 4632 Sept.

432 4650 721 4720 Arcbirliaconatum,
752 4656 912 4724 parocirianr
942 4656 1036 4715 Sancti
1062 4660 1230 4732 Georgii,n
1581 4674 1689 4731 CXXX.

393 4742 543 4801 ecclesiam
559 4743 646 4797 sancti
660 4741 773 4801 lovanie
794 4746 822 4800 in
845 4745 1104 4817 fruchtlachingen,
1119 4750 1191 4805 Fru-
1242 4763 1429 4836 gammo„
1447 4767 1575 4838 fragret„
1591 4765 1621 4821 s,
1645 4764 1753 4821 Νῑωιη·
1772 4765 1966 4825 smum&
1979 4786 2036 4825 m.

398 4830 497 4887 lestorl
509 4847 571 4886 cunr
584 4832 757 4901 pertinentiis
784 4836 842 4890 suis
858 4876 866 4902 ,
887 4835 1010 4908 Tunigen
1036 4854 1100 4894 cum
1127 4855 1191 4909 per·
1278 4838 1357 4905 cedit,
1383 4849 1410 4891 ut
1432 4838 1459 4891 in
1467 4837 1607 4961 feroeliis
1620 4853 1680 4907 guoe
1691 4836 1726 4891 sd
1736 4852 1781 4892 sos
1792 4840 1944 4908 pertineret,
1958 4857 2005 4911 per
2013 4856 2036 4894 ss

399 4917 524 4974 tinentiis
545 4920 625 4989 suis,
641 4918 832 4992 varnaspacht
856 4940 918 4979 cum
934 4928 1106 4995 pertiuentiis
1121 4930 1190 4995 suis,
1279 4905 1318 4960 ”d
1332 4922 1380 4977 W
1392 4907 1466 4977 “W‘'
1479 4924 1544 4962 ‘⁸²¹⁰'
1558 4907 1721 4961 m⁵'⁸⁵⁸¹'‘''¹·
1787 4987 1789 4989 ,

398 5008 547 5082 Neglinger
569 5026 632 5066 cum
654 5013 827 5083 pertinentiis
852 5015 935 5080 suis,
969 5015 1190 5075 Wiudbretcunv
1334 5068 1336 5072 .
1464 4996 1617 5068 (hamme
1644 4994 1720 5069 5θιῑ·
1750 4996 1808 5068 ἦ)
1943 5038 1945 5042 ·

397 5101 570 5172 pertinentiis
600 5101 668 5158 suis.
691 5100 866 5174 sepulturam
893 5120 1002 5178 quoque
1028 5108 1116 5179 ipsius
1139 5109 1192 5165 luci
1348 5085 1938 5165 immam·⁶59¹·B'⁰”⁶·r¹2'223·]
2040 5134 2044 5145 ·

396 5192 513 5248 liberam
541 5207 602 5249 esse
625 5193 799 5252 decernimus
819 5206 850 5251 ut
873 5213 969 5254 cortun
997 5201 1138 5257 devotioni
1165 5211 1193 5257 et
1217 5233 1227 5252 ·
1279 5202 1406 5261 Clemens
1417 5203 1563 5275 episcopus
1578 5216 1675 5260 servus
1691 5215 1837 5259 serrorum
1848 5200 1914 5271 bet,
1938 5204 2037 5261 diletis

397 5293 527 5339 extremae
549 5286 684 5340 voluntati
710 5287 758 5358 qui
786 5304 816 5345 se
840 5289 896 5348 illie
917 5293 1027 5364 sepeliri
1054 5293 1192 5350 delibera·
1220 5296 1500 5368 ,bliispraepositoet
1514 5294 1647 5352 iratribus
1669 5282 1763 5350 Sancti
1784 5290 1896 5349 Nicolai
1920 5295 1952 5351 in
1967 5295 2036 5351 Stes·

397 5375 510 5442 verint,
536 5376 590 5430 arisi
621 5376 693 5433 lorte
721 5383 952 5438 exeommunicati
983 5384 1026 5440 vel
1054 5385 1191 5441 interdicti
1243 5388 1313 5445 dale.
1347 5431 1352 5441 .

398 5467 475 5535 sint,
502 5467 596 5525 nullus
627 5471 760 5539 obsistat3
785 5475 860 5529 salva
881 5484 978 5531 tamen
998 5477 1105 5547 justitia
1127 5478 1193 5534 illa·
1280 5477 1407 5535 ...Tmn
1432 5475 1531 5533 vestris
1555 5492 1638 5549 quam
1661 5474 1754 5536 dilecti
1774 5443 1825 5530 ulii
1856 5477 1969 5537 nobilis
1995 5477 2035 5535 vin'
2068 5455 2073 5476 ⁶

397 5575 461 5615 rum
489 5560 668 5617 ecclesiarum
701 5579 717 5618 a
744 5565 845 5635 quibus
877 5576 1048 5639 mortuorum
1074 5584 1192 5641 corpora
1243 5568 1353 5626 llenrici
1373 5570 1492 5638 comitis,
1512 5578 1611 5626 restrae
1632 5569 1756 5626 ecclesiae
1778 5567 1958 5641 fundatoris,
1985 5585 2036 5645 pre·

398 5661 587 5707 assumuntur.
603 5651 698 5713 Liceat
712 5656 793 5711 etiam
811 5660 959 5729 praeposito
974 5660 1021 5732 qui
1049 5677 1099 5732 pro
1123 5671 1193 5718 tem·
1238 5660 1479 5729 ,cibusincliuati
1504 5662 1632 5730 praesenti
1658 5660 1757 5732 pagina
1782 5660 1866 5717 robis
1886 5664 2036 5734 restrisgrr

400 5758 468 5814 pore
483 5743 566 5799 luerit
577 5745 742 5802 advocatum
757 5764 838 5818 quem
859 5752 947 5806 eidem
971 5752 1032 5807 loco
1047 5753 1192 5822 perutilem
1244 5753 1451 5810 successoribus
1460 5748 1593 5809 duximus
1612 5752 1809 5825 indulgendum
1826 5762 1870 5818 ut,
1901 5755 1931 5813 si
1944 5757 2036 5813 atae

399 5837 626 5891 etnecessarium
652 5852 713 5893 esse
727 5842 906 5910 perspexerit,
922 5843 1062 5897 communi
1087 5843 1129 5898 vel
1151 5859 1193 5899 sa·
1244 5828 1329 5900 sanus
1357 5843 1569 5916 episcopussub
1593 5844 1769 5899 honestarum
1793 5843 1968 5905 testimonio
1986 5860 2037 5919 pcr-

400 5927 487 5984 nioris
499 5929 586 5998 partis
599 5928 714 5985 teatrum
727 5933 844 5988 consilio
859 5934 1118 5991 secondum'lioum
1139 5935 1191 5991 cli·
1245 5951 1375 5993 sonarum
1392 5937 1496 6007 pluries
1510 5936 1650 5995 lrurniliter
1662 5923 1813 6007 requisitus
1839 5942 1979 6007 personis
1990 5940 2036 5994 sto
