4584 6767
396 583 449 641 679
657 636 663 646 ,
902 565 1062 626 uttuutut
1074 553 1352 623 subinsulsusts
1370 549 1583 615 tticutsetsc.
1974 542 2026 608 ssu

397 696 482 755 nutrite
498 690 673 766 probabiliter
698 686 849 752 elaborate,
873 682 922 739 sed
948 698 965 737 a
991 681 1108 738 recitate
1130 673 1185 734 tum
1201 678 1223 733 l
1239 682 1370 730 trtanente
1384 682 1475 728 tamen
1493 668 1585 741 specis
1603 661 1691 738 pa'nis.
1712 663 1886 728 mirabiliter,
1910 673 1939 720 et
1956 664 2027 721 inei·

398 798 540 852 extranea,
553 797 663 854 quamn
682 780 784 851 pietate
797 776 860 834 idei
876 775 973 832 aliens.
988 771 1131 845 ,Quidquid
1153 770 1188 826 ab
1238 766 1369 831 labiliter,
1390 773 1418 820 et
1433 758 1749 832 incomprehensibiliter.
1763 757 1952 813 indubitanter
1965 771 2026 813 ers·

398 879 441 938 cis
457 892 522 933 rere
537 873 708 943 fideliterque
733 866 959 940 comprehensum
978 874 1030 930 est,
1045 871 1075 919 et
1093 862 1190 918 dederi·
1239 858 1344 923 dimus,
1367 855 1438 927 quod
1464 856 1503 911 ita
1525 862 1586 909 est:
1613 851 1749 922 quomedo
1770 858 1862 906 autem
1889 848 1944 906 tec
1967 848 2028 916 sit.

400 981 468 1039 tum,
487 967 540 1039 boe
554 981 607 1022 non
624 963 732 1022 iliorum
749 971 802 1029 est,
815 960 862 1017 sed
878 960 948 1032 eius,
963 959 1010 1029 qui
1024 960 1187 1024 renituisse,
1239 948 1329 1005 adbuc
1350 945 1512 1017 sirnpiiciter
1543 944 1711 1017 ignoremus.
1734 941 1859 999 Nondum
1885 942 1921 998 de
1944 943 2028 998 nodo

399 1069 428 1116 et
453 1058 498 1128 qni
527 1056 662 1111 illuminat
688 1066 796 1109 omnem
820 1050 957 1107 nemiuem
986 1050 1139 1105 uenientem
1162 1050 1189 1105 in
1239 1042 1356 1105 setinum
1372 1040 1490 1095 sciemus
1510 1046 1600 1092 autem
1626 1046 1736 1106 postea,
1759 1034 1922 1092 cumvictus
1945 1030 2028 1103 burim

400 1150 476 1206 bunc
498 1149 628 1203 nitendum
643 1143 734 1216 (leun.
755 1141 787 1213 ι),
810 1157 957 1214 perquem
980 1140 1020 1197 cis
1042 1156 1077 1211 ea
1099 1140 1189 1213 eliqua
1240 1130 1365 1204 mysterii
1380 1129 1408 1186 in
1433 1129 1513 1186 nobis
1527 1128 1610 1184 luerit
1635 1137 1833 1184 consrrmnists.
1848 1126 2029 1182 senmurum·

400 1241 480 1311 parte'
495 1238 621 1294 ueritatis
646 1234 736 1290 lumen
763 1223 863 1289 illuxit.
890 1231 999 1288 Veritus
1024 1232 1097 1289 enim
1119 1231 1190 1302 apud
1241 1216 2027 1292 tionemiudicatipscconversiopanisincorpuscbristi.

400 1343 591 1404 quemcunque
617 1327 784 1392 uuuuemuuu,
804 1324 852 1381 oet
871 1332 924 1388 en.
941 1331 969 1378 n
991 1338 1043 1378 uun
1060 1323 1189 1389 tuentum,
1241 1316 1353 1388 uyuetuu
1370 1313 1443 1369 uuuu
1457 1313 1687 1384 estcsicuiicans
1701 1311 1816 1383 qratiam
1830 1310 1928 1381 ipsun,
1943 1324 2028 1380 quun

402 1423 465 1494 quis
492 1440 502 1474 ι
526 1420 615 1476 omnis
640 1405 879 1485 bonic'mendnx,
904 1416 975 1472 licus
996 1424 1086 1470 aretem
1108 1428 1191 1470 uernx
1240 1418 1370 1480 operatur
1388 1408 1415 1462 in
1431 1406 1522 1462 nobis.

403 1511 491 1579 (Rom.
509 1511 564 1581 ιιι).
580 1527 589 1561 r
611 1506 748 1576 Quidquid
763 1520 828 1576 erqo
849 1515 945 1562 contra
960 1505 1020 1561 ildei
1035 1505 1190 1570 veritatem,
1312 1498 1351 1552 lle
1372 1500 1480 1569 nequies
1493 1496 1686 1567 riqniqicctiom
1700 1494 1854 1549 mutationis
1868 1494 1957 1563 penis.

402 1610 431 1658 ut
443 1601 554 1673 pietatis
577 1598 692 1653 termam
713 1595 856 1651 diffinitum
871 1596 1010 1651 hebebant
1027 1603 1055 1649 et
1073 1594 1192 1650 affirma·
1277 1583 1455 1648 itterrdamns
1471 1590 1577 1659 itaque,
1593 1588 1658 1656 qrrid
1674 1588 1710 1643 sit
1730 1588 1809 1657 panis
1827 1594 1890 1642 ante
1913 1600 2030 1643 conser-

404 1695 480 1758 bant,
502 1693 554 1747 buc
578 1689 684 1744 iliorum
702 1695 774 1753 erat,
790 1688 844 1743 boc
867 1701 883 1740 s
903 1700 935 1743 se
956 1686 1094 1751 dicebant,
1116 1694 1143 1740 ιι
1159 1686 1192 1741 dc
1242 1686 1358 1740 sionem,
1373 1682 1442 1750 Quid
1456 1682 1493 1737 sit
1505 1691 1606 1742 aretem,
1620 1679 1778 1750 quictidicna
1790 1681 1870 1735 docet
1885 1681 2029 1749 experien-

403 1782 523 1853 propriis
536 1778 619 1835 locuti
633 1788 713 1844 sunt;
729 1776 855 1846 eliquari
870 1777 1024 1833 coelestium
1036 1791 1192 1833 sacruuuen-
1243 1777 1292 1831 tia.
1305 1773 1475 1832 sesecundo
1488 1773 1562 1829 enirn
1577 1772 1640 1828 uiue
1653 1779 1705 1836 est,
1719 1770 1765 1827 sed
1778 1772 1963 1826 transitorie:
1980 1787 2030 1826 uec

405 1880 504 1934 torum,
524 1870 681 1941 ignorantes
698 1866 861 1936 sapientiam
885 1866 932 1921 [lei
959 1865 985 1920 in
998 1865 1127 1937 mysterio
1144 1866 1193 1920 nb-
1243 1875 1336 1921 truanet
1354 1864 1561 1937 ipsemecum
1583 1878 1664 1933 quoni
1689 1872 1833 1919 sustentat.
1849 1863 1897 1918 lile
1913 1880 1964 1919 risu
1978 1880 2029 1919 sero

403 1960 569 2024 sconditsru,
586 1975 596 2009 ι
612 1963 780 2011 eenrrucrunt
804 1954 831 2009 in
853 1954 1065 2025 cogiuttionibus
1080 1956 1148 2023 suis,
1164 1964 1192 2010 et
1243 1956 1345 2023 delicit,
1364 1964 1393 2011 et
1405 1954 1461 2009 rita
1473 1953 1624 2009 deiciendo
1637 1951 1767 2024 praeterit.
1782 1950 1840 2007 Non
1854 1952 1927 2007 tolet
1943 1953 2028 2007 ritant

404 2052 580 2107 obscuratum
594 2058 636 2105 est
652 2048 784 2118 insipieus
796 2061 845 2103 cor
858 2058 965 2103 eorum.
980 2048 1103 2104 {licentes
1116 2048 1189 2103 suiut
1241 2058 1371 2103 eternam
1386 2056 1529 2116 prestare,
1543 2046 1587 2100 rix
1608 2044 1678 2100 ualet
1702 2044 1787 2098 uitam
1803 2041 1982 2112 temporalem
1996 2042 2030 2099 uu

405 2157 436 2199 sc
451 2155 512 2198 esse
528 2141 678 2211 sepientes,
695 2139 770 2196 stulti
789 2139 851 2194 iacti
865 2148 930 2194 suunt
953 2138 1043 2210 (Rene.
1059 2139 1078 2210 r)
1091 2157 1120 2194 r:
1141 2142 1191 2195 nri·
1242 2140 1378 2197 tnoulicunr
1403 2148 1510 2210 tempus
1526 2146 1692 2195 sustentare.
1719 2138 1867 2208 Propterea
1896 2153 1966 2208 opus
1988 2150 2031 2193 est

406 2247 490 2301 roquc
505 2230 677 2302 bcijudicio,
694 2230 740 2300 qui
755 2228 826 2285 inter
838 2227 962 2284 boutines
974 2242 1054 2298 supro
1067 2227 1192 2285 bomirres
1241 2232 1399 2304 quotidiana
1416 2231 1583 2297 reiectione,·
1599 2229 1698 2286 diurnae
1708 2229 1762 2285 rita
1775 2229 1873 2286 diuinae
1887 2227 2029 2284 refectioni

405 2321 533 2377 estimati
547 2329 620 2385 sunt,
639 2318 716 2390 quasi
730 2318 782 2375 suli
793 2318 941 2389 sapientes,
958 2317 1000 2375 tei
1015 2334 1071 2389 pren
1083 2319 1192 2376 ceteris
1243 2323 1367 2378 debetur.
1385 2320 1436 2389 Qui
1451 2320 1571 2391 quotidie
1585 2319 1746 2389 indigemus,
1761 2321 1804 2375 rix
1820 2330 1848 2376 et
1859 2334 1932 2390 :egre
1945 2334 2031 2389 rusque

405 2416 559 2486 sapientem
579 2428 653 2470 nunc
672 2428 728 2485 prae
750 2413 857 2469 caeteris
878 2422 1010 2486 apparent
1034 2414 1192 2485 insipienter
1243 2412 1277 2468 sd
1297 2412 1370 2468 diem
1396 2411 1505 2467 tertium
1529 2412 1706 2468 ruminemus.
1721 2411 1826 2482 Corpus
1846 2421 1970 2466 nostruin
1991 2411 2032 2465 in·

405 2508 496 2571 nobis,
510 2521 559 2578 per
574 2505 689 2576 qratism
706 2504 765 2571 uei,
790 2506 836 2576 qui
853 2506 887 2563 de
908 2505 1028 2562 tenebris
1048 2520 1098 2562 rios
1112 2520 1192 2562 roca·
1244 2504 1351 2561 tirmrrrn
1368 2514 1394 2560 et
1412 2503 1508 2575 irsqilc
1531 2504 1677 2575 multisque
1701 2504 1922 2573 corruptionibus
1943 2511 1974 2558 et
1989 2502 2031 2557 in·

405 2598 446 2654 rit
460 2597 487 2653 in
505 2595 664 2652 ndnrirabile
684 2595 775 2652 lumen
788 2610 880 2652 suunt.
893 2594 981 2653 Verus
1001 2596 1134 2667 siquidem
1151 2604 1193 2651 est
1244 2596 1417 2653 irrmitntibus
1445 2596 1594 2652 obnoxium
1621 2595 1686 2650 ilum
1714 2595 1844 2659 relicitur,
1871 2592 1979 2658 delicit,·
2002 2599 2030 2648 et

406 2702 517 2754 memo,
538 2688 584 2757 qui
603 2689 722 2757 scriptus
744 2695 814 2742 ests
839 2685 1013 2743 elrrlntuatus
1035 2696 1079 2743 est
1103 2688 1193 2743 ominis
1244 2690 1365 2759 qnotidie
1380 2690 1451 2748 dum
1467 2691 1646 2752 instauratur,
1661 2688 1781 2755 latiscit,·
1803 2691 1912 2757 uitaque
1928 2697 2032 2743 nuceta·

406 2777 488 2834 leonto
514 2777 550 2832 ab
574 2778 740 2849 sapientius
768 2776 850 2833 Fides
871 2778 963 2849 itaque
987 2789 1079 2834 nostra
1105 2780 1193 2835 uerbis
1244 2779 1352 2836 iisdunr
1371 2790 1399 2836 et
1420 2781 1481 2837 cibo
1496 2789 1674 2848 sustentatur,
1693 2780 1903 2851 praetcrlnbitur,
1916 2788 1945 2835 et
1967 2781 2030 2834 iture

406 2869 492 2938 ipsine
513 2866 573 2931 liei.
596 2867 773 2924 immobiliter
788 2868 917 2937 lundata,
936 2869 1039 2927 incerto
1061 2869 1194 2925 bumana·
1245 2873 1376 2938 ueneritne,
1397 2871 1539 2935 rriinnitur,
1564 2881 1592 2926 ct
1615 2871 1642 2926 in
1660 2880 1774 2926 nrortern
1789 2884 1897 2938 scurper
1910 2884 2040 2940 praeceps

406 2974 467 3017 auru
490 2958 648 3030 opirriouunr
672 2974 726 3014 non
747 2958 879 3028 luctatur,
895 2960 965 3015 sieut
986 2960 1142 3016 riutubundn
1165 2971 1194 3017 et
1246 2963 1311 3027 ruit,
1330 2964 1394 3019 durn
1410 2963 1567 3033 quuuuuiuuu
1589 2963 1766 3020 reiectionea
1787 2961 2031 3025 recunduntur:

406 3047 556 3116 lluctuaus;
576 3050 624 3106 sed
644 3049 760 3104 scritate
779 3050 907 3116 subnixa,
929 3057 957 3104 et
981 3065 1062 3121 snper
1087 3052 1192 3106 tirrnaur
1244 3066 1272 3110 et
1286 3065 1377 3112 utusu
1403 3056 1506 3121 euenit,
1530 3056 1607 3110 ciuus
1635 3072 1716 3113 carisa
1742 3057 1867 3113 sanitatis
1889 3057 2031 3127 qurusinu,

406 3152 513 3209 petrscn
545 3142 643 3196 dlliuae
677 3140 848 3195 ⁸⁰⁰¹⁰fi²²¹¹l⁸
874 3139 1006 3206 ⁵0¹³qu
1033 3142 1193 3199 inconcussa
1245 3163 1342 3203 caurus
1368 3146 1454 3202 morbi
1481 3155 1613 3218 qencrat5
1638 3156 1666 3203 et
1690 3148 1735 3204 nbi
1761 3148 2032 3218 teneritudinem

406 3233 746 3298 constutetirieouueuuls23
761 3233 824 3288 etsi
838 3233 902 3300 quid
918 3232 1122 3291 diiilnitlouibus
1134 3236 1194 3306 pbi-
1240 3253 1319 3310 ,rucrs
1338 3236 1486 3292 invertitur.
1509 3235 1591 3290 i‘anis
1607 3252 1672 3307 erqo
1695 3239 1746 3293 istc
1769 3240 1918 3296 destruitur
1937 3250 1964 3295 et
1983 3257 2032 3311 ps-

406 3323 581 3394 losopbcrum
595 3325 765 3381 contrarium
782 3326 913 3387 continet.
930 3326 1027 3382 cedere
1039 3326 1121 3382 debet
1134 3329 1194 3397 opi·
1207 3347 1229 3405 c
1247 3328 1292 3392 rit,
1308 3343 1358 3383 nec
1369 3339 1510 3397 pernmnet
1521 3333 1548 3385 iu
1565 3331 1648 3386 uitem
1661 3344 1803 3389 eternum.
1816 3335 1921 3405 Corpus
1934 3335 2034 3389 uitulo·

407 3415 454 3470 nio
469 3413 588 3481 recitati,
604 3424 635 3469 ut
651 3416 753 3471 ueritas
769 3415 832 3470 ildei
848 3417 1015 3472 ineuntibus
1034 3419 1194 3488 triurnpbet,
1247 3417 1339 3470 rriirrus
1367 3416 1516 3473 destruitur
1535 3430 1565 3474 et
1590 3423 1672 3491 perit.
1699 3422 1767 3479 Esca
1793 3426 1866 3478 enirn
1893 3426 1982 3480 ventri
2006 3434 2033 3482 et

407 3506 551 3561 destruens
571 3520 679 3560 omnem
704 3504 874 3559 altitudinem
894 3491 1072 3563 extollentem'
1096 3524 1126 3564 se
1146 3512 1196 3563 ad·
1245 3519 1339 3564 uenter
1356 3511 1445 3577 escis:
1473 3511 1546 3567 [leus
1572 3523 1662 3569 auteur
1684 3517 1756 3572 lirurrc
1779 3527 1805 3573 et
1827 3518 1878 3574 uus
1898 3519 2033 3577 destruet.

407 3609 505 3651 versus
524 3594 667 3649 sciendam
682 3593 742 3659 Del,
762 3601 788 3648 ⁰¹
809 3593 836 3647 in
849 3594 1039 3655 ceullvilslem
1060 3596 1195 3665 redicens,
1246 3598 1313 3653 Curu
1329 3600 1459 3668 absorpta
1475 3599 1559 3657 inerit
1571 3619 1644 3660 ruors
1656 3605 1683 3660 in
1698 3607 1826 3674 victorie,
1842 3624 1903 3667 cunr
1918 3587 2034 3665 mortale

408 3699 517 3740 onrnern
529 3682 694 3739 intellectum
710 3684 736 3737 in
751 3683 910 3753 obsequium
929 3682 1044 3740 Christi.
1058 3683 1195 3754 Quidqn'd
1245 3688 1297 3742 linc
1317 3688 1435 3745 induerit
1455 3691 1698 3762 imuuortuucnem,
1713 3707 1777 3754 trine
1798 3701 1880 3755 viturn
1900 3710 2033 3759 eternam

408 3777 437 3833 in
450 3775 588 3847 nutritoriis
601 3774 662 3829 iidcl
676 3789 725 3830 sua
741 3772 925 3845 prniuuuuun
948 3775 1056 3831 modrun
1070 3775 1197 3830 bumnuae
1246 3777 1354 3847 corpori
1367 3781 1519 3848 prestabit,
1534 3798 1587 3837 nun
1604 3783 1682 3840 cibus
1695 3788 1746 3843 iste
1758 3790 1805 3859 qui
1817 3792 1886 3860 perit
1898 3795 1945 3848 seri
1956 3794 2035 3850 cibus

407 3865 594 3936 intelligentie
617 3866 746 3929 cecedit,
777 3876 807 3920 ct
830 3863 901 3921 lines
930 3866 1056 3922 bumnuae
1083 3867 1198 3921 ratioass
1245 3869 1292 3938 qni
1309 3880 1452 3940 permanet
1467 3872 1494 3928 iu
1509 3873 1592 3929 uitam
1613 3882 1883 3939 aterminuueude
1903 3884 2033 3942 rirtutent

408 3962 588 4026 transcendit.
610 3960 666 4017 lieo
687 3960 908 4017 committendum
932 3969 984 4026 est,
1005 3960 1085 4026 eique
1110 3973 1197 4015 reser-
1246 3961 1425 4018 sacraenenti.
1444 3963 1568 4020 liecrerit
1582 3965 1653 4024 lieus
1676 3971 1789 4029 mortulo
1808 3975 1859 4030 boc
1872 3975 2033 4033 inimortali-

408 4051 548 4120 rarrdunr,
572 4053 618 4123 qui
643 4062 765 4122 ternpore
788 4061 941 4123 opportuno
970 4051 1099 4123 ntysteria
1125 4067 1198 4107 nurrc
1247 4064 1302 4109 tate
1319 4056 1418 4110 restire
1438 4066 1467 4112 ct
1487 4061 1628 4117 irrorudcm
1644 4063 1727 4119 uirum
1752 4067 1778 4122 in
1798 4068 1881 4124 eitum
1899 4080 2031 4128 :eternam

407 4153 503 4216 opertp
519 4145 649 4201 revelabit
670 4145 728 4211 bis,
746 4145 791 4213 quui
809 4145 898 4199 serbis
914 4144 998 4215 ipsius
1017 4143 1135 4199 debitunt
1151 4159 1196 4200 re·
1248 4141 1410 4198 transferre.
1425 4143 1570 4216 Propterea
1583 4149 1674 4207 cibum
1691 4154 1717 4208 in
1734 4156 1823 4211 cibum
1842 4162 1966 4227 euomuit,
1982 4180 2031 4233 pn·

412 4236 566 4292 serentium
581 4236 755 4303 exhibentes,
769 4236 882 4290 drrruitcr
895 4245 922 4291 et
941 4235 1054 4291 fedeliter
1067 4235 1195 4302 ercdnut;
1248 4249 1308 4288 nem
1325 4234 1388 4291 rite
1406 4235 1434 4293 in
1457 4252 1555 4308 patient
1572 4241 1647 4309 rite,
1669 4245 1716 4300 scd
1733 4263 1828 4319 pnnetn
1852 4252 1914 4307 uun
1935 4256 2033 4311 transi-

382 4357 385 4361 <
409 4343 465 4383 non
489 4327 646 4383 hesitantes
667 4329 701 4383 de
724 4327 776 4382 ilde
797 4328 956 4392 scrbnrnrn,
978 4329 1104 4396 quamuis
1128 4328 1197 4381 ratio
1248 4327 1324 4380 tocie
1340 4327 1367 4381 iu
1383 4343 1480 4397 pauent
1500 4334 1562 4387 uite
1578 4343 1697 4403 eternae,
1712 4346 1742 4392 ut
1764 4349 1791 4394 et
1814 4344 1962 4399 rnutatione
1977 4346 2030 4401 cibi

409 4420 483 4476 modi
504 4419 614 4475 interim
633 4434 687 4475 iton
703 4419 820 4475 eluceat.
842 4419 904 4474 l'ult
918 4420 992 4475 enirn
1012 4420 1082 4475 licus
1097 4434 1196 4476 cresim
1227 4428 1229 4432 ·
1248 4417 1274 4471 iu
1289 4420 1380 4474 eibum
1395 4421 1523 4477 credatur
1541 4433 1568 4477 ct
1588 4423 1765 4496 iuretuquuur.
1782 4440 1919 4501 speretur,
1931 4443 1959 4490 et
1982 4452 2031 4491 01.

408 4525 458 4565 sua
474 4511 563 4577 nobis,
579 4521 634 4566 eta
655 4511 734 4586 nobis
749 4511 835 4576 credi,
856 4511 903 4567 sed
918 4513 1027 4567 rnodurn
1042 4511 1076 4565 ad
1092 4521 1198 4582 teuupns
1246 4520 1384 4579 spectetur
1399 4513 1517 4568 inritatio
1535 4515 1661 4589 mortalis
1677 4524 1738 4573 uttae
1752 4522 1778 4575 in
1798 4522 1975 4583 irnumrtclem
1989 4532 2032 4584 ei·

410 4604 550 4675 ipncrari,
573 4613 602 4657 ut
617 4604 715 4659 lrabeat
735 4603 802 4659 sudes
816 4603 959 4669 meritum,
982 4611 1010 4658 et
1033 4602 1105 4673 quod
1125 4618 1198 4660 rrunc
1248 4609 1315 4669 latu,
1332 4607 1368 4656 'nt
1388 4602 1452 4657 dum
1476 4605 1656 4661 nuunbititute
1679 4617 1833 4678 temporum
1857 4618 1891 4670 ad
1917 4629 2031 4674 uenerem

407 4695 545 4749 occultum
563 4702 617 4758 est,
640 4702 795 4749 reservetur
810 4694 844 4749 ad
866 4695 1019 4763 premium.
1039 4695 1126 4749 liniret
1141 4698 1193 4749 ita·
1209 4682 1232 4737 Ι)
1248 4691 1401 4759 irnltiutur,
1425 4692 1481 4762 ipsa
1509 4694 1597 4749 triorte
1622 4697 1648 4749 in
1667 4699 1763 4754 rectius
1775 4706 1895 4757 mercandi
1916 4716 2028 4763 eruentem

408 4799 463 4853 que
481 4785 642 4853 simplicitas
654 4785 716 4840 ilelei
732 4784 803 4853 piune
818 4783 1026 4864 conscientium¹
1036 4784 1064 4838 in
1079 4784 1121 4848 iis,
1135 4798 1196 4853 quse
1247 4794 1299 4833 uon
1313 4782 1468 4848 timeamus,
1480 4785 1544 4854 quis
1556 4800 1618 4855 spes
1631 4797 1723 4843 nostru
1736 4789 1937 4847 irnnmrtalitate
1950 4795 2027 4862 plenu

409 4875 482 4931 bsus
495 4876 631 4931 medendo
658 4876 814 4945 mandutitj
837 4877 910 4946 piam
932 4891 998 4932 vero
1016 4876 1195 4946 iqunrnnt'enn
1245 4880 1297 4925 est.
1314 4871 1422 4928 bertuini
1437 4876 1537 4947 quippe
1560 4877 1679 4944 inlinere,
1700 4889 1727 4935 ct
1748 4880 1781 4936 dc
1798 4881 1955 4938 irrdrrnitate
1969 4900 2029 4954 per.

269 4994 272 4997 -
374 5029 378 5034 ,
408 4964 572 5035 iniis,qu
591 4980 645 5021 mn
667 4966 813 5037 querenda
839 4966 990 5022 abscondit.
1007 4964 1127 5038 Utraque
1145 4982 1196 5022 au·
1247 4960 1315 5018 lucie
1340 4965 1479 5031 curando,
1499 4966 1590 5022 cilium
1618 4970 1716 5022 mutati
1740 4970 1880 5039 oportuit.
1906 4981 1935 5026 ul
1954 4973 2028 5032 uitali

407 5065 484 5124 tem,
510 5058 598 5130 pietas
628 5059 803 5116 conscientia}
826 5060 951 5126 scilicet,
978 5069 1007 5117 et
1031 5060 1195 5132 ignorantia,
1246 5054 1307 5109 cibo
1323 5055 1398 5111 uetiti
1423 5065 1451 5113 et
1474 5056 1594 5115 letbiieti
1617 5060 1670 5116 cibi
1685 5061 1788 5118 malitia
1811 5077 1966 5132 curaretur,
1979 5068 2029 5125 cibi

335 5141 339 5148 '
405 5150 481 5224 ,pud
501 5152 585 5207 uuum
610 5152 830 5222 plurimusque
849 5164 876 5211 ur
892 5154 1006 5221 tunsum,
1036 5156 1096 5211 tum
1119 5171 1196 5213 mu...
1246 5149 1368 5203 concessi
1395 5148 1566 5218 imperiectio
1588 5151 1797 5209 instauraretur.
1820 5154 1904 5210 Cibus
1931 5158 2028 5213 vetitus

373 5237 378 5244 ’
408 5241 634 5300 bornnuueneum
647 5243 1193 5317 nuouuruuiuuu,uecrudutquuaeqixu,
1246 5254 1300 5293 non
1328 5240 1415 5309 potuit
1439 5241 1491 5297 uisi
1518 5240 1618 5299 inicrre
1639 5254 1765 5312 mortem,
1789 5247 1867 5302 cibus
1887 5263 2029 5307 eoricessns

406 5340 467 5388 ets
489 5335 606 5404 superba
627 5343 656 5391 et
677 5337 785 5393 curiosa
812 5338 987 5408 inquisitione
1002 5341 1193 5410 compescitur,
1246 5345 1299 5387 nori
1320 5333 1408 5403 potuit
1421 5334 1473 5389 nisi
1488 5332 1598 5391 dilleere
1616 5346 1750 5406 mortem,
1767 5329 1821 5395 nisi
1832 5340 1935 5395 curisti
1950 5343 2029 5397 beree·

302 5458 305 5464 .
408 5436 445 5477 ne
456 5434 560 5492 qnnrst
571 5440 633 5496 que
645 5441 701 5482 non
712 5426 793 5481 dixit.
808 5425 958 5498 Utrobique
970 5443 1038 5499 erqo
1053 5430 1119 5485 lides
1132 5444 1195 5499 pro·
1245 5424 1365 5479 dictione
1379 5434 1501 5480 vertatur
1514 5425 1541 5480 in
1554 5427 1659 5496 cibuui,
1674 5429 1721 5501 qui
1737 5442 1826 5499 potest
1839 5430 1947 5487 urrlerre
1963 5450 2032 5488 ritor-

407 5509 464 5566 licit
487 5511 522 5567 sd
543 5514 684 5581 meritum,
707 5496 735 5572 et
757 5517 784 5572 in
804 5525 918 5588 utraque
935 5518 1108 5588 simplicianus
1128 5534 1195 5575 cun·
1247 5523 1309 5570 tem.
1336 5516 1530 5572 substantialis
1556 5522 1670 5575 neuntio
1695 5523 1772 5592 punis
1800 5522 1856 5577 ucri
1883 5524 1910 5577 in
1935 5538 2031 5579 semro

407 5598 524 5660 ddeotor
539 5604 659 5673 suspiret
674 5606 708 5661 nd
722 5608 879 5677 premium
899 5608 971 5679 equi
985 5610 1058 5665 euim
1073 5608 1194 5665 arribulat
1245 5620 1345 5676 eorpus
1365 5606 1488 5676 Christi,
1506 5610 1683 5667 temtationem
1706 5613 1830 5668 mortalis
1850 5615 1911 5668 sitae
1931 5612 1959 5667 in
1981 5614 2033 5667 im·

407 5688 578 5761 simpliciter,
593 5693 715 5750 ambulat
726 5695 893 5753 corilldenter
905 5694 995 5767 (Pron.
1013 5697 1051 5766 ι).
1066 5698 1193 5768 ‹Simpu-
1246 5698 1389 5754 tirortnleni
1409 5701 1492 5755 ritant
1509 5701 1552 5757 sic
1572 5702 1774 5772 quodammodo
1788 5716 1930 5775 operatur,
1951 5703 2032 5759 etsie

406 5779 479 5836 citer
497 5794 565 5853 crgo
587 5794 616 5838 et
638 5784 817 5853 confidenter,
841 5785 956 5844 tirmiter
973 5796 1002 5844 et
1024 5796 1193 5855 constanter,
1245 5790 1439 5860 etquicunque
1462 5802 1553 5848 tameo
1573 5809 1608 5850 ex
1630 5795 1719 5866 aliqua
1734 5806 1810 5866 purte
1828 5796 1969 5852 dissimilis
1985 5796 2032 5861 sit,

409 5874 560 5939 ιιιιιιιιιιιι,
571 5874 725 5941 credamus.
737 5886 764 5931 ct
776 5878 966 5942 confiteamur,
983 5878 1056 5949 quod
1068 5880 1194 5935 substan·
1245 5888 1273 5934 ct
1286 5894 1320 5935 es
1333 5881 1423 5951 aliquo
1436 5892 1514 5952 purte
1526 5884 1635 5941 similis.
1662 5884 1740 5952 Nune,
1770 5895 1800 5942 ut
1815 5887 1854 5941 nit
1867 5885 2032 5956 Apostolust
2056 5889 2060 5906 ¹

355 6023 384 6038 ἢ,
409 5962 448 6018 tia
469 5964 549 6027 nanis
572 5965 598 6021 in
621 5966 800 6025 substantiam
820 5972 913 6028 cereris
936 5970 1039 6029 curisti
1061 5980 1192 6040 mutetur,
1248 5988 1257 6022 ι
1274 5969 1350 6029 Urius
1363 5976 1440 6044 pariis
1452 5989 1535 6031 nurum
1547 5992 1645 6049 eorpus
1663 5978 1741 6035 uuuulu
1759 5994 1864 6048 suerrus,
1875 5993 1972 6035 emeres
1983 5977 2031 6054 que·
