4584 6767
325 589 405 658 l‘rbb

880 591 961 650 tnta
981 590 1012 648 ll.
1032 589 1186 658 uucottts
1205 589 1251 645 bt:
1271 585 1443 646 tecente.

1871 553 1878 563 '
1904 577 1972 635 taos

326 698 385 768 ‘liri
399 712 634 785 perhibeturtalis,
644 711 725 784 utqui
737 709 972 766 conversationem
981 708 1041 779 ejus
1052 723 1134 778 agno·
1149 711 1171 769 Α
1220 704 1264 761 59.
1280 704 1340 759 tilio
1358 702 1441 775 igitur
1463 707 1599 769 tempore,
1623 697 1711 752 sirum
1727 696 1754 751 in
1778 693 1906 766 predicta
1926 706 1972 746 ee·

327 814 442 872 uerunt,
459 804 581 876 eiusdem
594 818 703 875 quoquc
713 804 842 859 virtutem
854 817 909 859 nou
920 802 1037 858 debeant
1045 800 1134 857 admit

332 897 400 953 rari.
418 894 475 951 lirrc
486 896 595 967 quidem
611 911 697 951 unum
715 895 878 952 miraculum
895 894 1047 951 deduubus
1064 893 1131 949 iusi-

333 987 391 1041 mul
413 986 499 1042 ordiri
522 986 688 1053 studuimus,
700 988 831 1058 quoniam
847 980 937 1057 ipsum
952 986 1078 1042 eumdem
1099 985 1132 1041 tt-

332 1071 1130 1148 nemeuntnenquemounmbabuissecognovimusutren.

368 1167 414 1223 58.
435 1167 520 1225 Valde
544 1170 629 1240 igitur
645 1170 703 1225 baec
723 1176 788 1224 suut
805 1167 983 1236 admiranda,
999 1183 1062 1239 quas
1097 1168 1133 1223 de

334 1255 382 1312 bei
399 1258 503 1315 iamuiu
529 1274 581 1315 nos
606 1275 681 1317 nuuc
703 1275 792 1330 usque
815 1260 979 1340 invenimus
997 1260 1130 1328 latuisse;

333 1365 399 1407 uera
415 1367 534 1423 namque
549 1352 609 1423 ejus
624 1352 686 1408 rita
702 1351 849 1409 aestimatio
861 1368 917 1408 non
932 1351 1023 1409 solum
1047 1352 1074 1408 in
1094 1353 1133 1408 si·

334 1460 450 1515 quorum
465 1445 635 1513 ostensione,
647 1445 694 1501 sed
710 1446 737 1500 in
747 1461 862 1516 operum
874 1445 1009 1502 existebat
1020 1445 1130 1502 virtute.

333 1535 570 1592 consuetudinem
604 1537 698 1608 itaque
731 1536 855 1610 iecerunt
879 1537 962 1593 rioldi
989 1537 1130 1593 cellarium

333 1635 416 1695 atque
434 1625 593 1695 iamiliares,
613 1644 684 1699 quos
701 1643 753 1685 suo
768 1630 811 1685 vir
836 1628 945 1685 Domini
968 1629 1085 1685 transitu
1099 1630 1132 1685 il·

336 1716 484 1784 lustrabat,
501 1727 532 1773 ut
545 1734 608 1775 cum
620 1720 693 1777 iorte
721 1721 819 1778 adesse
837 1736 901 1777 eum
923 1715 1130 1793 cognoscerem,

1184 796 1248 853 llula
1263 796 1378 852 alterum
1393 793 1579 850 denominato
1596 790 1658 850 loco
1678 789 1826 844 multorum
1840 785 1974 841 relatione

1184 888 1281 945 adbel
1308 886 1442 943 ianruium
1461 884 1610 942 didicimus
1637 895 1810 954 properasse,
1835 894 1918 950 quem
1933 876 1975 933 sic

1183 980 1306 1053 quotidie
1325 979 1397 1036 acris
1422 987 1530 1036 tortura
1556 992 1619 1033 cum
1646 975 1719 1046 pulis
1743 972 1884 1045 pessimis,
1912 982 1975 1041 quae

1184 1075 1288 1131 scilicet
1303 1073 1344 1129 ira
1358 1072 1456 1129 dolens
1473 1070 1576 1127 rustice
1594 1069 1765 1135 nominatur,
1783 1065 1869 1121 uariis
1883 1064 1974 1152 cupri·

1185 1164 1275 1236 picbat
1287 1163 1443 1228 tormentis,
1468 1170 1498 1218 ut
1512 1161 1634 1217 animam
1657 1159 1718 1229 ejus
1743 1159 1778 1215 de
1796 1170 1912 1229 corpore
1925 1170 1974 1211 cx·

1184 1264 1328 1328 pugnaret,
1343 1256 1396 1312 nisi
1415 1270 1464 1327 per
1483 1255 1579 1311 buram
1608 1253 1700 1309 diviua
1722 1253 1907 1308 retraheretur
1920 1249 1983 1315 ιιιὶ-Ι

1183 1349 1330 1404 seratione.
1347 1347 1397 1405 llie
1410 1362 1530 1419 namque
1544 1362 1605 1403 cunr
1619 1346 1660 1402 ad¹
1675 1345 1722 1401 Dei
1735 1344 1857 1416 persenit
1872 1344 1973 1409 sirum,
2022 1330 2026 1337 ’

1183 1450 1271 1498 totum
1299 1442 1324 1498 ei
1346 1456 1395 1512 per
1419 1440 1545 1496 ordinem
1571 1438 1741 1495 infirmitatis
1767 1452 1824 1493 suae
1846 1435 1975 1507 exposuit

1171 1523 1307 1601 mudum,
1320 1530 1459 1587 humiliter
1470 1529 1531 1602 ejus
1542 1527 1713 1584 orationibus
1724 1541 1753 1581 se
1764 1523 1970 1582 commendans.

1184 1623 1301 1696 Recepta
1316 1632 1407 1679 autem
1427 1620 1567 1677 remeandi
1585 1620 1706 1686 licentia,
1722 1615 1878 1673 ameborari
1890 1616 1974 1685 coepit

1183 1718 1211 1774 iu
1228 1717 1272 1773 via
1285 1717 1355 1788 ipsa,
1370 1715 1501 1787 quoniam
1514 1713 1537 1770 is
1550 1712 1598 1784 qui
1610 1713 1644 1769 ad
1667 1712 1756 1767 uirum
1774 1709 1821 1767 uei
1846 1708 1975 1766 saevierue

334 1822 384 1878 pro
396 1808 512 1866 diversis
525 1810 591 1865 illuc
604 1812 697 1867 causis
713 1812 901 1869 convenirent.
928 1811 1053 1880 Quadam
1065 1828 1131 1870 vero
1175 1808 1359 1885 incommodo
1373 1808 1418 1863 vix
1431 1822 1479 1877 per
1498 1806 1623 1862 diversas
1646 1803 1781 1860 stationes
1802 1811 1974 1874 peruenerat,

333 1900 378 1953 die
394 1902 459 1955 darn
472 1901 500 1956 in
518 1902 562 1956 illa
575 1903 685 1971 cellula,
707 1919 769 1975 quae
790 1903 872 1974 vulgo
891 1903 1019 1960 Cirutetrct
1039 1907 1131 1961 numi·
1183 1901 1343 1959 consolatus
1356 1897 1391 1953 ab
1404 1910 1448 1963 eo,
1465 1896 1570 1966 absque
1582 1893 1752 1951 recreatione
1764 1894 1867 1964 aliqua,
1882 1907 1976 1948 runer-

334 2001 426 2060 natur,
440 2006 502 2047 curu
514 1993 622 2050 coeteris
636 1992 770 2051 iratribus
785 1990 953 2051 rirllomini
967 2011 997 2052 sc
1010 2011 1132 2055 exmore
1183 2000 1285 2051 suscst
1311 1991 1391 2046 laetus
1417 1988 1451 2044 ad
1477 1987 1599 2058 propria,
1614 1996 1641 2042 et
1670 2001 1702 2041 en
1729 1985 1775 2040 ilia
1790 1985 1857 2040 bora
1876 1985 1917 2041 sic
1928 1985 1975 2041 diu

332 2094 481 2154 ricmiri.
497 2103 569 2143 unus
584 2087 696 2158 quidem
715 2088 769 2146 inde
781 2090 880 2161 plenus
897 2090 930 2146 de
946 2090 1007 2146 ioco
1023 2091 1129 2157 ricino,
1146 2054 1285 2158 ”optatae
1303 2081 1448 2138 restitutus
1473 2086 1515 2134 est
1533 2077 1655 2143 sanitati,
1672 2085 1701 2132 ut
1726 2076 1821 2132 mitior
1846 2076 1978 2132 existeret

336 2177 442 2233 scilicet
464 2178 498 2236 de
519 2178 693 2237 Solemniaco
707 2224 715 2249 ,
730 2198 771 2240 ‚eo
791 2182 913 2249 aduenit,
936 2183 1034 2255 capitis
1050 2183 1133 2240 rebe·
1183 2191 1266 2249 quam
1281 2174 1432 2230 amcitiam
1449 2170 1603 2227 molestiam
1618 2168 1724 2224 luisset.
1743 2168 1842 2224 umen.

337 2281 445 2325 ntentcr
460 2273 691 2340 sermusculum,
713 2274 758 2330 die'
773 2282 913 2346 noctuque
936 2276 1131 2346 requiemnon
1218 2270 1264 2324 tu.
1277 2266 1393 2335 Quidam
1419 2282 1486 2337 orgo
1508 2262 1706 2335 paterfamilias
1732 2264 1781 2318 ilio
1801 2262 1829 2318 in
1851 2264 1912 2328 rico
1928 2264 1975 2333 qui
2034 2311 2037 2318 .

333 2360 498 2430 itrteuieus3
516 2363 612 2419 eadem
635 2364 744 2435 quidem
758 2365 826 2423 hora
843 2382 908 2423 casu
929 2366 1082 2437 contigerat
1103 2375 1133 2422 ut
1182 2362 1311 2420 'literius
1327 2362 1440 2417 nomine
1452 2360 1564 2427 dicitur,
1579 2360 1626 2430 qni
1642 2360 1725 2415 etiarn
1744 2358 1850 2416 ccliulae
1873 2358 1978 2415 Plani-u

335 2450 423 2507 isdem
439 2452 486 2508 liei
500 2451 621 2510 iamulus
634 2454 661 2509 in
684 2456 808 2525 porticu,
825 2465 855 2513 ut
875 2458 996 2526 solebat,
1013 2458 1130 2525 sederet,
1184 2456 1292 2511 vicinus
1304 2463 1357 2523 est,
1370 2453 1454 2510 unius
1471 2452 1594 2524 privatus
1607 2451 1679 2508 oculi
1703 2450 1803 2521 officio,
1819 2451 1865 2508 diu
1887 2454 1978 2524 graui-

334 2544 522 2624 orum-iurique
540 2546 641 2617 populo
655 2546 829 2604 satistactens
844 2550 928 2605 verbo
941 2549 1132 2607 aedificationis
1184 2557 1225 2604 ter
1241 2547 1395 2627 laborabat,
1409 2545 1437 2601 in
1448 2559 1504 2616 quo
1518 2544 1599 2601 etiam
1611 2553 1711 2602 ctrrrcta
1724 2560 1793 2615 pcuc
1805 2546 1977 2612 medicorum

333 2634 496 2691 ‚dcscrvlret
511 2634 638 2707 Cumque
656 2638 737 2708 isqui
752 2647 864 2694 uenerat
878 2655 934 2710 prae
955 2641 1132 2698 multitudiue
1183 2638 1323 2709 adjutoria
1335 2636 1394 2706 jam
1420 2633 1602 2691 deiecerant:
1623 2634 1695 2689 idem
1719 2635 1778 2705 ipse
1805 2650 1867 2690 carm
1892 2651 1977 2706 super

334 2724 572 2780 circumstantium
595 2736 621 2782 et
644 2729 819 2796 conlusione,
839 2745 894 2785 nou
909 2730 1045 2788 inueniret
1059 2748 1131 2803 qno·
1184 2731 1236 2785 boc
1248 2728 1371 2784 iuseuire
1387 2742 1522 2797 nusquam
1534 2727 1686 2782 remedium
1702 2736 1806 2795 posset,
1820 2726 1872 2783 lide
1884 2734 1977 2785 tameu

336 2816 419 2872 modo
434 2824 527 2887 etqua
543 2824 619 2888 parte
635 2820 776 2877 accederet
787 2822 821 2877 ad
836 2838 898 2878 euna
911 2838 990 2879 suam
1002 2826 1131 2881 omuibus
1183 2829 1387 2888 commonente,
1401 2820 1436 2874 ad
1452 2819 1505 2874 riri
1535 2818 1582 2874 bet
1599 2819 1789 2874 babitaculum
1816 2820 1868 2877 sub
1881 2821 1977 2879 celeri·

318 2910 434 2965 ⁴uolens
449 2926 647 2982 usquequaque
663 2911 840 2981 matriiestare
863 2915 1035 2983 molestiam,
1053 2916 1131 2973 valle
1183 2924 1239 2972 tate
1249 2914 1383 2985 persenit,
1403 2926 1524 2986 cumque
1545 2911 1603 2983 jam
1622 2926 1743 2987 presens
1756 2921 1822 2971 aute
1837 2912 1885 2969 liei
1900 2924 1977 2973 asta—

337 3004 436 3060 anxius
454 3014 509 3060 tnta
522 3004 567 3059 die
582 3006 713 3062 sustinuit
724 3025 731 3074 ;
744 3021 856 3064 recursa
873 3023 938 3063 vero
951 3010 1024 3065 circa
1036 3026 1131 3082 vespe·
1183 3017 1225 3064 ret
1237 3006 1383 3073 iamulum,
1399 3020 1464 3062 ecce
1478 3020 1513 3061 cr
1540 3005 1613 3063 male
1639 3003 1757 3061 ridentis
1782 3004 1878 3061 dolore
1903 2989 1977 3062 ocuti

336 3111 395 3150 rans
412 3096 600 3164 multitudine,
618 3097 664 3154 ilci
676 3096 798 3154 iamulus
813 3115 876 3156 cum
888 3100 1130 3158 eosotnsreman-
1161 3108 1166 3114 '
1182 3102 1290 3159 anxiari
1308 3100 1484 3156 veliementer
1509 3098 1603 3170 coepit,
1631 3098 1739 3170 magnis
1764 3112 1819 3153 nou
1834 3096 1893 3169 jam
1904 3099 1977 3155 roci-

337 3188 374 3243 sit
386 3188 414 3243 in
434 3190 541 3261 porticu
558 3208 564 3245 :
579 3205 642 3246 cum
664 3200 756 3246 autem
778 3191 826 3263 qui
845 3201 958 3248 venerat
980 3208 1043 3250 enm
1065 3197 1129 3266 qui·
1182 3193 1291 3251 bussed
1306 3191 1473 3251 stridoribus
1493 3190 1613 3247 ciamare
1624 3189 1719 3247 diceus
1737 3208 1744 3245 ;
1759 3208 1769 3242 ι
1783 3188 1824 3244 Eb
1835 3191 1842 3244 t
1855 3189 1905 3245 eb!
1921 3190 1977 3247 elii

337 3279 400 3334 niam
416 3296 450 3336 ex
469 3283 528 3338 suis
542 3282 637 3338 amicis
660 3292 716 3338 tota
738 3284 782 3339 die
806 3283 861 3340 lruc
881 3293 910 3340 et
930 3285 996 3342 illuc
1017 3285 1131 3342 vidisset
1183 3288 1221 3344 nri
1238 3288 1362 3355 domine,
1379 3285 1463 3343 modo
1477 3286 1631 3343 moriturus
1644 3271 1696 3357 eqo
1708 3283 1847 3352 sum,nisi
1866 3292 1894 3340 et
1909 3285 1976 3339 mibi
2058 3288 2062 3298 ·

338 3370 456 3437 anxiari,
469 3372 501 3426 ad
517 3371 649 3428 iaumlum
666 3371 712 3428 bei
730 3369 817 3428 eidem
839 3375 931 3430 verrire
950 3375 1124 3431 monstrauit.
1143 3382 1237 3461 GJam
1253 3380 1385 3451 perituro,
1408 3377 1579 3434 consulendo
1598 3377 1760 3449 orandoque
1782 3375 1942 3434 subvenias.
1961 3396 1970 3427 ι

338 3462 470 3518 Audierat
486 3463 559 3518 euim
576 3480 639 3520 curn
661 3466 748 3520 mutto
770 3474 892 3537 tempore
912 3467 1012 3537 capitis
1032 3458 1129 3524 dolo‘rc
1182 3467 1271 3537 Quem
1285 3465 1387 3524 blando
1398 3479 1526 3548 sermone
1537 3465 1641 3550 rirflbei
1655 3466 1811 3539 alloquens,
1827 3465 1888 3536 ejus
1903 3455 1977 3538 peri·

338 3557 500 3611 inulctatum
517 3555 613 3612 luisse.
626 3555 687 3625 Quo
701 3558 807 3625 audito,
826 3558 894 3616 tiens
915 3561 1007 3625 statim
1018 3561 1130 3631 largitor
1183 3559 1306 3618 clitantis
1333 3558 1411 3631 prius
1436 3555 1544 3616 studuit
1563 3551 1701 3617 clamores
1725 3558 1927 3630 comprimere;
1943 3573 1977 3614 ac

337 3661 423 3716 seque
439 3647 466 3702 in
484 3657 584 3706 terram
611 3664 704 3705 coram
734 3665 766 3708 eo
789 3666 852 3707 cum
875 3651 1006 3724 lacrymis
1032 3652 1127 3709 dedit:
1181 3657 1278 3724 postea
1305 3647 1398 3703 intulit
1419 3645 1539 3704 diceus:
1562 3646 1660 3705 «neus
1681 3656 1774 3705 autera
1789 3635 1975 3720 omnipotens,
2030 3643 2038 3723 ζ
2072 3676 2076 3685 ·

338 3755 457 3812 eumque
472 3742 571 3797 timens
585 3757 618 3797 ac
631 3758 743 3813 gemens
756 3743 835 3800 fleret
855 3744 1040 3809 vehementer,
1054 3753 1081 3801 et
1100 3745 1130 3799 iu
1182 3741 1229 3812 qui
1242 3754 1340 3796 omnes
1363 3739 1488 3795 omnium
1504 3731 1584 3795 sanat
1606 3738 1783 3797 infirmitates
1798 3740 1901 3811 pietate
1914 3756 1975 3807 sua,

337 3842 438 3889 terram
451 3834 555 3889 diutius
567 3833 692 3889 tunderet
706 3844 798 3905 caput,
824 3850 854 3890 se
869 3835 1001 3891 miserum
1021 3851 1131 3907 gemen·
1163 3829 1206 3888 'si
1221 3834 1321 3903 placet,
1345 3840 1421 3887 tuam
1439 3844 1539 3888 sanare
1556 3830 1653 3903 utique
1668 3838 1769 3903 potest.
1787 3850 1797 3884 r
1816 3828 1878 3900 Quo
1889 3832 1975 3906 dicto,

337 3933 392 3982 tem
410 3927 570 3993 ostendens,
597 3927 662 3996 quid
679 3936 814 3997 quaereret
834 3936 945 3997 repente
968 3927 1070 3994 intulit,
1088 3929 1131 3985 di·
1183 3926 1225 3981 rir
1236 3925 1347 3982 Domini
1361 3942 1425 3983 mor
1444 3928 1477 3985 ad
1491 3942 1554 3984 eum
1568 3926 1836 4000 aceessusepnqm
1856 3925 1976 3986 dolentis

336 4027 426 4073 cens:
447 4037 455 4070 ι
474 4017 589 4074 bomine
602 4020 651 4086 mi,
667 4028 772 4075 tantam
787 4019 886 4090 capitis
901 4020 1129 4092 inquietationem
1182 4018 1264 4075 oculo
1287 4026 1400 4075 extensa
1428 4021 1511 4075 manu
1537 4019 1631 4077 crucis
1656 4016 1832 4093 signaculum
1856 4022 1975 4080 devotus

338 4109 519 4180 patior‚quod
531 4111 575 4165 rix
590 4111 658 4182 quid
670 4112 759 4167 dicam
773 4113 816 4167 rel
826 4112 891 4183 quid
906 4111 1004 4169 iaciam
1017 4116 1128 4183 nescio;
1181 4109 1408 4183 scrutemurque
1422 4110 1457 4167 ad
1476 4112 1588 4183 propria
1602 4110 1645 4169 sic
1670 4111 1712 4169 ire
1731 4111 1847 4170 dimisit.
1861 4109 1913 4181 out
1925 4128 1976 4171 au·

339 4199 455 4276 ideoque
469 4200 503 4255 ad
521 4202 697 4267 tedemondi,
713 4211 742 4257 ut
763 4218 846 4274 super
860 4193 913 4259 boc
926 4205 992 4275 quid
1006 4206 1083 4269 nrilri,
1101 4214 1130 4262 ut
1182 4209 1293 4273 tequam
1307 4201 1383 4259 iilius
1396 4202 1556 4278 clausuram
1577 4202 1633 4259 loci
1645 4212 1721 4260 estet
1734 4217 1875 4276 egressus,
1895 4211 1975 4276 opta·

338 4291 439 4348 melius
459 4302 569 4361 tamen,
602 4302 748 4365 prestares
770 4294 889 4352 consilii.
913 4294 983 4353 Nori
1005 4298 1078 4352 enim
1103 4307 1130 4354 te
1164 4292 1241 4351 'tum
1255 4295 1333 4352 valde
1346 4309 1381 4353 ex
1395 4296 1504 4369 integro
1516 4296 1609 4352 iumen
1626 4293 1667 4352 sic
1680 4295 1802 4368 recipere
1817 4296 1929 4363 meruit,
1945 4303 1976 4350 ut
2026 4303 2029 4310 ’

338 4383 426 4439 urultn
440 4383 554 4439 meliora
569 4382 668 4441 iecisse
678 4400 710 4441 ac
723 4386 847 4462 potuisse
862 4405 869 4442 ι
886 4387 957 4444 uude
969 4388 1041 4445 sicut
1052 4399 1129 4460 potes
1182 4387 1263 4445 oculo
1277 4404 1333 4460 quo
1346 4388 1393 4445 diu
1402 4388 1460 4460 iam
1471 4387 1655 4456 laboraverat,
1668 4402 1732 4445 cum
1746 4403 1803 4458 quo
1817 4388 1900 4444 ctiam
1915 4373 1975 4445 soti

338 4476 469 4532 misertus
480 4476 520 4533 sis
531 4476 595 4545 mei,
612 4475 747 4533 Domine!
765 4475 875 4549 »Quem
891 4478 956 4535 tium
967 4478 1068 4537 iratres
1081 4482 1128 4552 qui
1182 4479 1301 4538 ducente
1319 4481 1468 4538 aduenerat
1488 4491 1563 4548 aute,
1578 4481 1651 4536 uiam
1668 4496 1746 4538 suam
1760 4480 1886 4537 latiorem
1905 4480 1975 4536 nibil

336 4565 555 4622 circumstabant
566 4564 704 4633 audirent,
719 4565 780 4637 ejus
798 4568 931 4625 commoti
951 4568 1061 4627 wihus
1072 4585 1130 4630 coe·
1182 4572 1278 4630 dicens
1290 4573 1349 4645 lpse
1360 4573 1485 4645 eligeret,
1498 4571 1662 4645 eaeterisque
1676 4572 1711 4630 de
1729 4572 1859 4630 omnibus
1875 4573 1974 4631 certis·

337 4667 439 4730 perum
454 4657 530 4724 bere,
548 4656 738 4729 iamuluurque
753 4659 801 4716 bei
822 4653 958 4720 instanter
971 4676 1023 4738 pro
1035 4676 1069 4718 eo
1084 4677 1131 4719 ro·.
1181 4664 1269 4722 simus
1280 4673 1363 4723 esset.

338 4765 414 4826 gare.
439 4748 551 4806 Cuirir
577 4750 687 4806 Domini
714 4752 873 4824 respoudit,
898 4755 995 4812 dicens
1014 4772 1022 4811 z
1040 4773 1050 4807 r
1071 4742 1169 4828 Ego⁰
1219 4757 1334 4816 ibsed
1359 4768 1388 4817 st
1414 4757 1664 4831 aliuaiuprrtiato,
1684 4758 1746 4817 uico
1771 4759 1892 4823 similem
1916 4772 1974 4834 quo
2028 4771 2033 4779 ’

335 4858 449 4917 quoque
463 4853 547 4916 caput
571 4860 664 4901 meum
689 4844 779 4923 doleo.
795 4862 806 4899 r
822 4844 876 4914 Qui
899 4860 963 4904 mor
984 4847 1019 4903 ad
1035 4856 1130 4919 caput
1182 4852 1279 4908 nescio
1295 4851 1449 4908 iniortuuio
1464 4849 1610 4937 incurrens
1620 4851 1786 4922 molestiam,
1798 4851 1880 4909 uulua
1894 4851 1974 4916 dam·

336 4942 419 4994 suum
434 4935 579 4993 dexteram
590 4951 670 4994 suam
684 4937 793 5006 levarit,
806 4934 896 5011 eoque
912 4945 1031 4996 tractato
1045 4953 1130 5010 super
1181 4960 1249 5002 uum
1264 4944 1337 5000 oculi
1352 4945 1434 5016 longo
1445 4947 1583 5016 tempore,
1596 4943 1673 5011 omui
1684 4943 1812 5002 multatis
1825 4958 1875 5016 spe
1887 4942 1973 5018 depo·

337 5038 420 5100 caput
431 5029 549 5087 dolentis
566 5031 778 5104 eamdemeum
797 5030 876 5104 signo
895 5031 987 5088 crucis
1001 5031 1127 5088 deduxit.
1181 5038 1244 5105 sita,
1263 5035 1347 5093 nimis
1364 5036 1484 5109 graviter
1496 5046 1630 5094 senserat.
1644 5034 1695 5095 llic
1710 5036 1830 5111 denique
1844 5029 1908 5094 cum
1921 5050 1973 5092 uu·

336 5120 463 5192 cumque
477 5120 677 5194 truttureapu
696 5122 821 5194 palparet
845 5121 930 5191 rurus,
955 5122 1026 5179 miro
1046 5123 1130 5195 copis
1180 5130 1252 5187 diret
1268 5132 1342 5201 quon
1355 5129 1554 5205 messanum
1569 5130 1720 5187 ttterunen
1734 5129 1972 5200 receptricem·

338 5214 421 5270 modu
437 5215 472 5272 ad
483 5215 661 5286 semetipsam
673 5217 784 5273 reratlo
801 5216 848 5272 iiia
860 5215 987 5285 delicere,
999 5230 1032 5273 ac
1046 5216 1070 5272 si
1085 5216 1129 5273 sul
1180 5222 1252 5279 citus
1266 5221 1375 5278 adeum
1391 5222 1477 5291 veuit,
1491 5235 1610 5294 eumque
1625 5222 1744 5297 qualiter
1761 5214 1874 5280 rideret
1886 5220 1973 5277 iuter·

337 5304 492 5364 delectione
505 5308 624 5379 impetus
639 5309 766 5366 innueret
783 5310 875 5366 locum
897 5309 925 5365 iu
939 5324 973 5366 eo
987 5309 1089 5366 babere
1100 5324 1130 5367 se
1180 5312 1297 5388 rogarit.
1312 5310 1423 5378 Statim,
1438 5321 1469 5369 ut
1481 5320 1574 5368 actum
1591 5309 1693 5379 iuerat,
1707 5309 1732 5366 ei
1747 5309 1870 5371 scriatim
1885 5323 1971 5383 erpo·
2055 5329 2057 5338 ·

339 5399 455 5455 ulterius
473 5399 768 5475 minimeposse.Quo
790 5402 873 5471 iacto,
898 5402 944 5459 ille
969 5402 1004 5458 ab
1032 5403 1129 5459 eodem
1181 5403 1246 5458 suit.
1268 5402 1319 5457 Cui
1345 5411 1464 5474 aegrotus
1494 5403 1540 5459 ille
1561 5422 1594 5459 :r
1617 5400 1728 5460 Utinam
1749 5402 1796 5458 tati
1818 5402 1919 5458 virtute
1941 5417 1972 5459 te
2036 5434 2038 5438 .

339 5488 388 5545 bet
406 5489 511 5547 iamulo
534 5506 659 5552 remeare
673 5494 707 5551 ad
729 5497 841 5571 propria
856 5504 899 5551 est
915 5494 1065 5563 demissus,
1077 5496 1130 5552 sub
1181 5494 1360 5553 manifestare
1382 5496 1542 5567 dignaretur
1567 5496 1650 5551 bomo
1675 5494 1724 5552 liei
1749 5495 1806 5563 ille,
1822 5502 1851 5550 ut
1874 5495 1915 5550 sic
1937 5494 1972 5550 ds

339 5584 413 5637 omni
433 5585 623 5641 celeritatem
639 5585 685 5640 illa
699 5586 767 5642 bora
784 5587 866 5643 saluti
881 5587 1005 5658 pristinae
1016 5587 1129 5643 restitu-
1181 5589 1263 5648 oculo
1275 5603 1337 5644 meo
1359 5588 1491 5661 ciiugaret
1508 5587 1728 5654 incommodum,
1752 5586 1823 5644 sicut
1837 5587 1934 5658 longas
1955 5603 1970 5641 a

340 5684 398 5741 tus;
417 5675 483 5731 huic
507 5691 628 5747 namque
650 5677 784 5733 miraculo
805 5678 903 5735 iratres
923 5679 970 5750 qui
986 5688 1131 5751 tuncprae-
1181 5688 1230 5736 tuo
1250 5679 1390 5735 molestias
1413 5678 1602 5734 tenebrarum!
1628 5678 1737 5734 undeet
1756 5687 1792 5744 te,
1805 5675 1904 5743 amice,
1921 5690 1955 5730 ne

338 5777 432 5824 sentes
446 5766 568 5837 luerunt,
582 5778 610 5826 et
624 5770 725 5835 adbuc,
750 5781 779 5826 ut
804 5772 954 5839 eredimus,
969 5771 1128 5842 supersunt.
1180 5787 1257 5829 cesse
1267 5781 1309 5829 est
1320 5768 1486 5827 descendere
1504 5786 1621 5828 mecum.
1636 5768 1734 5827 »Tunc
1749 5769 1810 5835 illc,
1821 5768 1870 5841 qui
1885 5783 1970 5847 sanus

326 5860 420 5918 ‚tidem
442 5863 527 5934 gratis
550 5872 690 5920 astruunt.
719 5862 757 5919 be
780 5877 837 5935 quo
862 5863 945 5920 etiam
969 5866 1029 5919 uiro
1049 5864 1130 5933 quale
1181 5866 1381 5932 iactusluerat,
1395 5866 1429 5921 ad
1443 5863 1494 5920 riri
1513 5862 1560 5935 bei
1574 5861 1971 5929 babitaculumreuiesecum·

339 5963 529 6027 quantumque
553 5955 770 6014 miraculumrin
783 5956 879 6012 eadem
909 5957 1007 6013 cellula
1024 5956 1130 6013 orando
1180 5966 1378 6030 queaqroturn
1392 5958 1469 6014 illum
1481 5957 1602 6023 deduxit,
1620 5965 1647 6013 et
1658 5964 1687 6012 ut
1704 5955 1792 6011 eidem
1810 5956 1971 6026 subueniret

340 6046 574 6117 raluitobtineru,
604 6049 803 6123 urbjunqcmus
822 6052 854 6108 ad
884 6065 1014 6122 presens.
1030 6050 1125 6107 Amen.
1181 6048 1283 6104 misero
1311 6048 1405 6130 ipsutu
1431 6048 1478 6105 bet
1505 6047 1638 6106 lanuuium
1664 6047 1763 6108 denoto
1792 6048 1907 6119 roqasu.
1929 6047 1974 6108 ltu
