<?xml version="1.0" encoding="UTF-8"?>
<!DOCTYPE html PUBLIC "-//W3C//DTD XHTML 1.0 Transitional//EN"
    "http://www.w3.org/TR/xhtml1/DTD/xhtml1-transitional.dtd">
<html xmlns="http://www.w3.org/1999/xhtml" xml:lang="en" lang="en">
 <head>
  <title>
</title>
<meta http-equiv="Content-Type" content="text/html;charset=utf-8" />
  <meta name='ocr-system' content='tesseract 3.04.00' />
  <meta name='ocr-capabilities' content='ocr_page ocr_carea ocr_par ocr_line ocrx_word'/>
</head>
<body>
  <div class='ocr_page' id='page_1' title='image "./patrologiaecurs97unkngoog/patrologiaecurs97unkngoog_0095.png"; bbox 0 0 4584 6767; ppageno 0'>
   <div class='ocr_carea' id='block_1_1' title="bbox 842 535 1434 643">
    <p class='ocr_par' dir='ltr' id='par_1_1' title="bbox 842 535 1434 643">
     <span class='ocr_line' id='line_1_1' title="bbox 842 535 1434 643; baseline 0.017 -12"><span class='ocrx_word' id='word_1_1' title='bbox 842 575 887 632; x_wconf 84' lang='lat' dir='ltr'>nu</span> <span class='ocrx_word' id='word_1_2' title='bbox 906 535 1088 636; x_wconf 72' lang='lat' dir='ltr'>rnorucm</span> <span class='ocrx_word' id='word_1_3' title='bbox 1108 580 1248 638; x_wconf 81' lang='lat' dir='ltr'>nonus.</span> <span class='ocrx_word' id='word_1_4' title='bbox 1270 615 1305 624; x_wconf 88' lang='lat'>-</span> <span class='ocrx_word' id='word_1_5' title='bbox 1324 585 1388 640; x_wconf 79' lang='lat' dir='ltr'>cre.</span> <span class='ocrx_word' id='word_1_6' title='bbox 1410 586 1434 643; x_wconf 91' lang='grc' dir='ltr'><strong>ι.</strong></span> 
     </span>
    </p>
   </div>
   <div class='ocr_carea' id='block_1_2' title="bbox 713 854 1568 1036">
    <p class='ocr_par' dir='ltr' id='par_1_2' title="bbox 713 854 1568 1036">
     <span class='ocr_line' id='line_1_2' title="bbox 713 854 1568 1036; baseline 0.018 -69"><span class='ocrx_word' id='word_1_7' title='bbox 713 854 1568 1036; x_wconf 71' lang='lat' dir='ltr'>nemnnrmorracrm</span> 
     </span>
    </p>
   </div>
   <div class='ocr_carea' id='block_1_3' title="bbox 625 1049 1596 1431">
    <p class='ocr_par' dir='ltr' id='par_1_3' title="bbox 625 1044 1596 1431">
     <span class='ocr_line' id='line_1_3' title="bbox 625 1049 1596 1225; baseline 0.023 -29"><span class='ocrx_word' id='word_1_8' title='bbox 625 1187 629 1196; x_wconf 86' lang='grc'><em>,</em></span> <span class='ocrx_word' id='word_1_9' title='bbox 682 1062 1249 1219; x_wconf 74' lang='lat' dir='ltr'>u-u‘raorucrtt</span> <span class='ocrx_word' id='word_1_10' title='bbox 1287 1049 1596 1225; x_wconf 74' lang='lat' dir='ltr'>montis</span> 
     </span>
     <span class='ocr_line' id='line_1_4' title="bbox 962 1336 1308 1431; baseline 0.014 -9"><span class='ocrx_word' id='word_1_11' title='bbox 962 1336 1127 1425; x_wconf 84' lang='lat' dir='ltr'>LIBRI</span> <span class='ocrx_word' id='word_1_12' title='bbox 1164 1337 1308 1431; x_wconf 87' lang='lat' dir='ltr'><strong>DUO.</strong></span> 
     </span>
    </p>
   </div>
   <div class='ocr_carea' id='block_1_4' title="bbox 535 1518 1722 1598">
    <p class='ocr_par' dir='ltr' id='par_1_4' title="bbox 535 1518 1722 1598">
     <span class='ocr_line' id='line_1_5' title="bbox 535 1518 1722 1598; baseline 0.005 -16"><span class='ocrx_word' id='word_1_13' title='bbox 535 1519 673 1591; x_wconf 65' lang='lat' dir='ltr'>(Mein.</span> <span class='ocrx_word' id='word_1_14' title='bbox 689 1528 798 1593; x_wconf 78' lang='lat' dir='ltr'>Parrus.</span> <span class='ocrx_word' id='word_1_15' title='bbox 816 1526 893 1583; x_wconf 70' lang='lat' dir='ltr'>met.</span> <span class='ocrx_word' id='word_1_16' title='bbox 915 1518 1042 1583; x_wconf 67' lang='lat' dir='ltr'>anecdot.</span> <span class='ocrx_word' id='word_1_17' title='bbox 1067 1527 1113 1598; x_wconf 82' lang='lat' dir='ltr'>lt,</span> <span class='ocrx_word' id='word_1_18' title='bbox 1137 1542 1181 1595; x_wconf 90' lang='lat' dir='ltr'>m,</span> <span class='ocrx_word' id='word_1_19' title='bbox 1200 1526 1264 1595; x_wconf 77' lang='lat' dir='ltr'>ele,</span> <span class='ocrx_word' id='word_1_20' title='bbox 1285 1543 1319 1586; x_wconf 83' lang='lat' dir='ltr'>ex</span> <span class='ocrx_word' id='word_1_21' title='bbox 1345 1529 1407 1588; x_wconf 79' lang='lat' dir='ltr'>corl.</span> <span class='ocrx_word' id='word_1_22' title='bbox 1425 1544 1475 1587; x_wconf 85' lang='lat' dir='ltr'>ms.</span> <span class='ocrx_word' id='word_1_23' title='bbox 1489 1529 1518 1586; x_wconf 86' lang='lat' dir='ltr'>S.</span> <span class='ocrx_word' id='word_1_24' title='bbox 1536 1530 1620 1588; x_wconf 82' lang='lat' dir='ltr'>Laur.</span> <span class='ocrx_word' id='word_1_25' title='bbox 1635 1530 1722 1590; x_wconf 78' lang='lat' dir='ltr'>Lcul.</span> 
     </span>
    </p>
   </div>
   <div class='ocr_carea' id='block_1_5' title="bbox 821 1876 1375 1992">
    <p class='ocr_par' dir='ltr' id='par_1_5' title="bbox 821 1876 1375 1992">
     <span class='ocr_line' id='line_1_6' title="bbox 821 1876 1375 1992; baseline -0.009 -19"><span class='ocrx_word' id='word_1_26' title='bbox 821 1985 825 1992; x_wconf 42' lang='grc'><em>,</em></span> <span class='ocrx_word' id='word_1_27' title='bbox 910 1876 1089 1976; x_wconf 86' lang='lat' dir='ltr'>LIBER</span> <span class='ocrx_word' id='word_1_28' title='bbox 1125 1888 1375 1981; x_wconf 86' lang='lat' dir='ltr'>PRIMUS..</span> 
     </span>
    </p>
   </div>
   <div class='ocr_carea' id='block_1_6' title="bbox 285 2083 2034 5186">
    <p class='ocr_par' dir='ltr' id='par_1_6' title="bbox 285 2083 2034 5186">
     <span class='ocr_line' id='line_1_7' title="bbox 577 2083 1950 2172; baseline 0.015 -21"><span class='ocrx_word' id='word_1_29' title='bbox 577 2094 691 2151; x_wconf 80' lang='lat' dir='ltr'>curor</span> <span class='ocrx_word' id='word_1_30' title='bbox 711 2095 856 2151; x_wconf 83' lang='grc' dir='ltr'><strong>ιιιιιιιιιι.</strong></span> <span class='ocrx_word' id='word_1_31' title='bbox 1128 2083 1209 2156; x_wconf 71' lang='lat' dir='ltr'>Aur</span> <span class='ocrx_word' id='word_1_32' title='bbox 1234 2101 1322 2157; x_wconf 72' lang='lat' dir='ltr'>uocum</span> <span class='ocrx_word' id='word_1_33' title='bbox 1350 2103 1493 2171; x_wconf 74' lang='lat' dir='ltr'>spartam,</span> <span class='ocrx_word' id='word_1_34' title='bbox 1525 2105 1588 2159; x_wconf 79' lang='lat' dir='ltr'>uum</span> <span class='ocrx_word' id='word_1_35' title='bbox 1625 2105 1740 2163; x_wconf 72' lang='lat' dir='ltr'>tactura</span> <span class='ocrx_word' id='word_1_36' title='bbox 1779 2114 1950 2172; x_wconf 67' lang='lat' dir='ltr'>antoninus</span> 
     </span>
     <span class='ocr_line' id='line_1_8' title="bbox 356 2187 1952 2265; baseline 0.011 -20"><span class='ocrx_word' id='word_1_37' title='bbox 356 2191 473 2245; x_wconf 86' lang='lat' dir='ltr'>llultunt</span> <span class='ocrx_word' id='word_1_38' title='bbox 487 2187 621 2260; x_wconf 86' lang='lat' dir='ltr'>prolicere</span> <span class='ocrx_word' id='word_1_39' title='bbox 635 2188 668 2243; x_wconf 87' lang='lat' dir='ltr'>ati</span> <span class='ocrx_word' id='word_1_40' title='bbox 685 2187 802 2243; x_wconf 87' lang='lat' dir='ltr'>salntem</span> <span class='ocrx_word' id='word_1_41' title='bbox 818 2189 981 2245; x_wconf 87' lang='lat' dir='ltr'>animorum.</span> <span class='ocrx_word' id='word_1_42' title='bbox 996 2201 1114 2247; x_wconf 88' lang='lat' dir='ltr'>mortem</span> <span class='ocrx_word' id='word_1_43' title='bbox 1165 2192 1266 2248; x_wconf 93' lang='lat' dir='ltr'>limites</span> <span class='ocrx_word' id='word_1_44' title='bbox 1300 2195 1478 2258; x_wconf 79' lang='lat' dir='ltr'>transcendit,</span> <span class='ocrx_word' id='word_1_45' title='bbox 1514 2203 1595 2265; x_wconf 88' lang='lat' dir='ltr'>atquc</span> <span class='ocrx_word' id='word_1_46' title='bbox 1629 2196 1809 2257; x_wconf 87' lang='lat' dir='ltr'>incontinenti</span> <span class='ocrx_word' id='word_1_47' title='bbox 1836 2206 1952 2262; x_wconf 88' lang='lat' dir='ltr'>curiosi·</span> 
     </span>
     <span class='ocr_line' id='line_1_9' title="bbox 326 2276 1896 2365; baseline 0.011 -29"><span class='ocrx_word' id='word_1_48' title='bbox 326 2294 470 2351; x_wconf 82' lang='lat' dir='ltr'>corporum</span> <span class='ocrx_word' id='word_1_49' title='bbox 508 2276 616 2333; x_wconf 78' lang='lat' dir='ltr'>nescire</span> <span class='ocrx_word' id='word_1_50' title='bbox 640 2276 798 2331; x_wconf 87' lang='lat' dir='ltr'>nullatenus</span> <span class='ocrx_word' id='word_1_51' title='bbox 822 2287 934 2346; x_wconf 76' lang='lat' dir='ltr'>possunt</span> <span class='ocrx_word' id='word_1_52' title='bbox 959 2280 1114 2349; x_wconf 76' lang='lat' dir='ltr'>quicunque</span> <span class='ocrx_word' id='word_1_53' title='bbox 1167 2290 1230 2348; x_wconf 89' lang='lat' dir='ltr'>tate,</span> <span class='ocrx_word' id='word_1_54' title='bbox 1245 2286 1332 2353; x_wconf 90' lang='lat' dir='ltr'>qualis</span> <span class='ocrx_word' id='word_1_55' title='bbox 1345 2286 1490 2341; x_wconf 84' lang='lat' dir='ltr'>haberetur</span> <span class='ocrx_word' id='word_1_56' title='bbox 1502 2286 1569 2342; x_wconf 88' lang='lat' dir='ltr'>loris</span> <span class='ocrx_word' id='word_1_57' title='bbox 1581 2290 1707 2356; x_wconf 88' lang='lat' dir='ltr'>mumius,</span> <span class='ocrx_word' id='word_1_58' title='bbox 1726 2306 1896 2365; x_wconf 85' lang='lat' dir='ltr'>prospectat.</span> 
     </span>
     <span class='ocr_line' id='line_1_10' title="bbox 328 2367 1951 2455; baseline 0.007 -26"><span class='ocrx_word' id='word_1_59' title='bbox 328 2386 463 2429; x_wconf 81' lang='lat' dir='ltr'>carcerem</span> <span class='ocrx_word' id='word_1_60' title='bbox 475 2368 619 2455; x_wconf 79' lang='lat' dir='ltr'>praesentis</span> <span class='ocrx_word' id='word_1_61' title='bbox 632 2369 694 2423; x_wconf 73' lang='lat' dir='ltr'>vitae</span> <span class='ocrx_word' id='word_1_62' title='bbox 707 2367 837 2438; x_wconf 79' lang='lat' dir='ltr'>etjrrpnm</span> <span class='ocrx_word' id='word_1_63' title='bbox 849 2385 932 2439; x_wconf 81' lang='lat' dir='ltr'>grave</span> <span class='ocrx_word' id='word_1_64' title='bbox 947 2386 1028 2441; x_wconf 90' lang='lat' dir='ltr'>super</span> <span class='ocrx_word' id='word_1_65' title='bbox 1044 2370 1114 2427; x_wconf 86' lang='lat' dir='ltr'>illios</span> <span class='ocrx_word' id='word_1_66' title='bbox 1149 2427 1155 2439; x_wconf 82' lang='grc'><strong>,</strong></span> <span class='ocrx_word' id='word_1_67' title='bbox 1202 2377 1280 2433; x_wconf 87' lang='lat' dir='ltr'>Umle</span> <span class='ocrx_word' id='word_1_68' title='bbox 1288 2379 1519 2447; x_wconf 83' lang='lat' dir='ltr'>opportunitatem</span> <span class='ocrx_word' id='word_1_69' title='bbox 1537 2394 1648 2449; x_wconf 86' lang='lat' dir='ltr'>quoque</span> <span class='ocrx_word' id='word_1_70' title='bbox 1673 2390 1772 2438; x_wconf 90' lang='lat' dir='ltr'>nactus</span> <span class='ocrx_word' id='word_1_71' title='bbox 1785 2384 1951 2443; x_wconf 73' lang='lat' dir='ltr'>adversandi</span> 
     </span>
     <span class='ocr_line' id='line_1_11' title="bbox 326 2458 1954 2541; baseline 0.004 -18"><span class='ocrx_word' id='word_1_72' title='bbox 326 2464 407 2518; x_wconf 73' lang='lat' dir='ltr'>llam</span> <span class='ocrx_word' id='word_1_73' title='bbox 421 2478 438 2515; x_wconf 75' lang='lat' dir='ltr'>a</span> <span class='ocrx_word' id='word_1_74' title='bbox 451 2461 497 2515; x_wconf 71' lang='grc' dir='ltr'>«Ιίθ</span> <span class='ocrx_word' id='word_1_75' title='bbox 512 2461 604 2523; x_wconf 64' lang='lat' dir='ltr'>uillis</span> <span class='ocrx_word' id='word_1_76' title='bbox 615 2458 755 2515; x_wconf 83' lang='lat' dir='ltr'>deuentre</span> <span class='ocrx_word' id='word_1_77' title='bbox 766 2461 863 2515; x_wconf 77' lang='lat' dir='ltr'>multis</span> <span class='ocrx_word' id='word_1_78' title='bbox 878 2474 972 2515; x_wconf 91' lang='lat' dir='ltr'>eorum</span> <span class='ocrx_word' id='word_1_79' title='bbox 989 2462 1113 2531; x_wconf 88' lang='lat' dir='ltr'>usquein</span> <span class='ocrx_word' id='word_1_80' title='bbox 1165 2468 1287 2537; x_wconf 85' lang='lat' dir='ltr'>perlitus</span> <span class='ocrx_word' id='word_1_81' title='bbox 1300 2466 1344 2521; x_wconf 86' lang='lat' dir='ltr'>ille</span> <span class='ocrx_word' id='word_1_82' title='bbox 1354 2466 1471 2523; x_wconf 84' lang='lat' dir='ltr'>Satanas</span> <span class='ocrx_word' id='word_1_83' title='bbox 1481 2477 1649 2539; x_wconf 86' lang='lat' dir='ltr'>serpentem,</span> <span class='ocrx_word' id='word_1_84' title='bbox 1665 2472 1954 2541; x_wconf 81' lang='lat' dir='ltr'>qnietcallitliererat</span> 
     </span>
     <span class='ocr_line' id='line_1_12' title="bbox 327 2552 1952 2631; baseline 0.01 -22"><span class='ocrx_word' id='word_1_85' title='bbox 327 2557 391 2610; x_wconf 75' lang='lat' dir='ltr'>aliem</span> <span class='ocrx_word' id='word_1_86' title='bbox 403 2552 553 2624; x_wconf 78' lang='lat' dir='ltr'>sepulturae</span> <span class='ocrx_word' id='word_1_87' title='bbox 565 2554 592 2608; x_wconf 93' lang='lat' dir='ltr'>in</span> <span class='ocrx_word' id='word_1_88' title='bbox 605 2561 718 2607; x_wconf 85' lang='lat' dir='ltr'>matrem</span> <span class='ocrx_word' id='word_1_89' title='bbox 728 2552 850 2607; x_wconf 90' lang='lat' dir='ltr'>omniurn</span> <span class='ocrx_word' id='word_1_90' title='bbox 863 2553 1035 2626; x_wconf 77' lang='lat' dir='ltr'>antcoqitatu</span> <span class='ocrx_word' id='word_1_91' title='bbox 1051 2567 1116 2607; x_wconf 87' lang='lat' dir='ltr'>coo·</span> <span class='ocrx_word' id='word_1_92' title='bbox 1165 2558 1273 2613; x_wconf 83' lang='lat' dir='ltr'>curretis</span> <span class='ocrx_word' id='word_1_93' title='bbox 1283 2558 1568 2624; x_wconf 79' lang='lat' dir='ltr'>anirnantibusterrae,</span> <span class='ocrx_word' id='word_1_94' title='bbox 1586 2575 1646 2631; x_wconf 82' lang='lat' dir='ltr'>quae</span> <span class='ocrx_word' id='word_1_95' title='bbox 1665 2572 1809 2620; x_wconf 74' lang='lat' dir='ltr'>creaverat</span> <span class='ocrx_word' id='word_1_96' title='bbox 1821 2566 1952 2626; x_wconf 82' lang='lat' dir='ltr'>Dornirms</span> 
     </span>
     <span class='ocr_line' id='line_1_13' title="bbox 327 2641 1953 2721; baseline 0.007 -21"><span class='ocrx_word' id='word_1_97' title='bbox 327 2646 457 2707; x_wconf 75' lang='lat' dir='ltr'>silerent,</span> <span class='ocrx_word' id='word_1_98' title='bbox 467 2652 515 2697; x_wconf 86' lang='lat' dir='ltr'>aut</span> <span class='ocrx_word' id='word_1_99' title='bbox 523 2642 700 2712; x_wconf 77' lang='lat' dir='ltr'>exportantur</span> <span class='ocrx_word' id='word_1_100' title='bbox 711 2641 836 2707; x_wconf 90' lang='lat' dir='ltr'>miseriis,</span> <span class='ocrx_word' id='word_1_101' title='bbox 844 2649 873 2696; x_wconf 93' lang='grc' dir='ltr'>ιιι</span> <span class='ocrx_word' id='word_1_102' title='bbox 883 2642 1115 2712; x_wconf 75' lang='lat' dir='ltr'>Apostoloconqe·</span> <span class='ocrx_word' id='word_1_103' title='bbox 1166 2647 1247 2715; x_wconf 81' lang='lat' dir='ltr'>licus,</span> <span class='ocrx_word' id='word_1_104' title='bbox 1259 2664 1291 2703; x_wconf 90' lang='lat' dir='ltr'>ac</span> <span class='ocrx_word' id='word_1_105' title='bbox 1305 2648 1473 2705; x_wconf 82' lang='lat' dir='ltr'>dulcedinem</span> <span class='ocrx_word' id='word_1_106' title='bbox 1491 2655 1627 2721; x_wconf 82' lang='lat' dir='ltr'>captando</span> <span class='ocrx_word' id='word_1_107' title='bbox 1642 2654 1777 2716; x_wconf 86' lang='lat' dir='ltr'>mellilluis</span> <span class='ocrx_word' id='word_1_108' title='bbox 1799 2672 1860 2713; x_wconf 86' lang='lat' dir='ltr'>sese</span> <span class='ocrx_word' id='word_1_109' title='bbox 1884 2660 1953 2715; x_wconf 83' lang='lat' dir='ltr'>vici·</span> 
     </span>
     <span class='ocr_line' id='line_1_14' title="bbox 329 2719 1984 2814; baseline 0.009 -25"><span class='ocrx_word' id='word_1_110' title='bbox 329 2738 442 2793; x_wconf 71' lang='lat' dir='ltr'>urucam</span> <span class='ocrx_word' id='word_1_111' title='bbox 454 2735 572 2790; x_wconf 83' lang='lat' dir='ltr'>dicenti:</span> <span class='ocrx_word' id='word_1_112' title='bbox 584 2733 666 2787; x_wconf 80' lang='lat' dir='ltr'>Iliser</span> <span class='ocrx_word' id='word_1_113' title='bbox 679 2734 822 2804; x_wconf 77' lang='lat' dir='ltr'>epolono!</span> <span class='ocrx_word' id='word_1_114' title='bbox 831 2732 1115 2800; x_wconf 68' lang='lat' dir='ltr'>Qntsmettternltrqte</span> <span class='ocrx_word' id='word_1_115' title='bbox 1167 2739 1227 2793; x_wconf 91' lang='lat' dir='ltr'>nius</span> <span class='ocrx_word' id='word_1_116' title='bbox 1249 2740 1334 2809; x_wconf 88' lang='lat' dir='ltr'>scplis</span> <span class='ocrx_word' id='word_1_117' title='bbox 1347 2740 1504 2810; x_wconf 78' lang='lat' dir='ltr'>ingerebat,</span> <span class='ocrx_word' id='word_1_118' title='bbox 1530 2743 1668 2811; x_wconf 77' lang='lat' dir='ltr'>ingressus</span> <span class='ocrx_word' id='word_1_119' title='bbox 1682 2754 1735 2799; x_wconf 84' lang='lat' dir='ltr'>est.</span> <span class='ocrx_word' id='word_1_120' title='bbox 1751 2746 1892 2814; x_wconf 80' lang='lat' dir='ltr'>Siquidem</span> <span class='ocrx_word' id='word_1_121' title='bbox 1911 2760 1954 2806; x_wconf 90' lang='lat' dir='ltr'>est</span> <span class='ocrx_word' id='word_1_122' title='bbox 1979 2719 1984 2728; x_wconf 50' lang='lat'>,</span> 
     </span>
     <span class='ocr_line' id='line_1_15' title="bbox 328 2822 1952 2902; baseline 0.009 -23"><span class='ocrx_word' id='word_1_123' title='bbox 328 2844 431 2896; x_wconf 79' lang='lat' dir='ltr'>torpore</span> <span class='ocrx_word' id='word_1_124' title='bbox 456 2825 550 2882; x_wconf 82' lang='grc' dir='ltr'><strong>ιιιοιιίι</strong></span> <span class='ocrx_word' id='word_1_125' title='bbox 579 2824 679 2895; x_wconf 75' lang='lat' dir='ltr'>injus?</span> <span class='ocrx_word' id='word_1_126' title='bbox 693 2822 783 2894; x_wconf 67' lang='lat' dir='ltr'>(Roas.</span> <span class='ocrx_word' id='word_1_127' title='bbox 799 2826 859 2895; x_wconf 84' lang='grc' dir='ltr'><strong>ιιι.)</strong></span> <span class='ocrx_word' id='word_1_128' title='bbox 876 2825 1045 2897; x_wconf 82' lang='lat' dir='ltr'>Quicunque,</span> <span class='ocrx_word' id='word_1_129' title='bbox 1072 2827 1115 2879; x_wconf 91' lang='lat' dir='ltr'>iu·</span> <span class='ocrx_word' id='word_1_130' title='bbox 1167 2827 1281 2884; x_wconf 82' lang='lat' dir='ltr'>credere</span> <span class='ocrx_word' id='word_1_131' title='bbox 1301 2830 1463 2892; x_wconf 84' lang='lat' dir='ltr'>absurdum,</span> <span class='ocrx_word' id='word_1_132' title='bbox 1482 2831 1508 2884; x_wconf 93' lang='lat' dir='ltr'>in</span> <span class='ocrx_word' id='word_1_133' title='bbox 1524 2832 1652 2900; x_wconf 78' lang='lat' dir='ltr'>paradiso</span> <span class='ocrx_word' id='word_1_134' title='bbox 1669 2834 1743 2889; x_wconf 92' lang='lat' dir='ltr'>illum</span> <span class='ocrx_word' id='word_1_135' title='bbox 1760 2836 1856 2902; x_wconf 82' lang='lat' dir='ltr'>luIsse‚</span> <span class='ocrx_word' id='word_1_136' title='bbox 1874 2847 1902 2895; x_wconf 90' lang='lat' dir='ltr'>et</span> <span class='ocrx_word' id='word_1_137' title='bbox 1916 2842 1952 2896; x_wconf 84' lang='lat' dir='ltr'>ilri</span> 
     </span>
     <span class='ocr_line' id='line_1_16' title="bbox 327 2915 1953 2994; baseline 0.009 -24"><span class='ocrx_word' id='word_1_138' title='bbox 327 2915 1117 2987; x_wconf 69' lang='lat' dir='ltr'>quam,tribulationemetdolorcminveniuntmtitemani·</span> <span class='ocrx_word' id='word_1_139' title='bbox 1167 2916 1330 2972; x_wconf 88' lang='lat' dir='ltr'>collocutum</span> <span class='ocrx_word' id='word_1_140' title='bbox 1352 2918 1468 2984; x_wconf 75' lang='lat' dir='ltr'>mulieri,</span> <span class='ocrx_word' id='word_1_141' title='bbox 1488 2920 1605 2976; x_wconf 74' lang='lat' dir='ltr'>maxime</span> <span class='ocrx_word' id='word_1_142' title='bbox 1627 2937 1772 2994; x_wconf 74' lang='lat' dir='ltr'>pervasum</span> <span class='ocrx_word' id='word_1_143' title='bbox 1793 2941 1808 2982; x_wconf 89' lang='lat' dir='ltr'>a</span> <span class='ocrx_word' id='word_1_144' title='bbox 1832 2928 1953 2994; x_wconf 78' lang='lat' dir='ltr'>diabolo,</span> 
     </span>
     <span class='ocr_line' id='line_1_17' title="bbox 329 3005 1953 3079; baseline 0.009 -20"><span class='ocrx_word' id='word_1_145' title='bbox 329 3022 438 3062; x_wconf 79' lang='lat' dir='ltr'>surorum</span> <span class='ocrx_word' id='word_1_146' title='bbox 445 3005 591 3061; x_wconf 83' lang='lat' dir='ltr'>Psalmista</span> <span class='ocrx_word' id='word_1_147' title='bbox 601 3005 928 3077; x_wconf 76' lang='lat' dir='ltr'>contritorllcantzsuper</span> <span class='ocrx_word' id='word_1_148' title='bbox 941 3009 1052 3078; x_wconf 77' lang='lat' dir='ltr'>piamina</span> <span class='ocrx_word' id='word_1_149' title='bbox 1062 3006 1117 3062; x_wconf 86' lang='lat' dir='ltr'>Ba-</span> <span class='ocrx_word' id='word_1_150' title='bbox 1168 3009 1213 3077; x_wconf 90' lang='lat' dir='ltr'>qni</span> <span class='ocrx_word' id='word_1_151' title='bbox 1228 3010 1347 3078; x_wconf 87' lang='lat' dir='ltr'>utiqrrea</span> <span class='ocrx_word' id='word_1_152' title='bbox 1364 3024 1446 3079; x_wconf 78' lang='lat' dir='ltr'>repon</span> <span class='ocrx_word' id='word_1_153' title='bbox 1459 3009 1506 3066; x_wconf 81' lang='lat' dir='ltr'>liei</span> <span class='ocrx_word' id='word_1_154' title='bbox 1520 3020 1547 3065; x_wconf 89' lang='lat' dir='ltr'>et</span> <span class='ocrx_word' id='word_1_155' title='bbox 1562 3010 1650 3067; x_wconf 90' lang='lat' dir='ltr'>sacris</span> <span class='ocrx_word' id='word_1_156' title='bbox 1663 3022 1737 3069; x_wconf 87' lang='lat' dir='ltr'>essct</span> <span class='ocrx_word' id='word_1_157' title='bbox 1753 3016 1868 3073; x_wconf 79' lang='lat' dir='ltr'>serlilnus</span> <span class='ocrx_word' id='word_1_158' title='bbox 1884 3018 1953 3074; x_wconf 88' lang='lat' dir='ltr'>irre-</span> 
     </span>
     <span class='ocr_line' id='line_1_18' title="bbox 329 3095 1955 3176; baseline 0.009 -27"><span class='ocrx_word' id='word_1_159' title='bbox 329 3098 428 3166; x_wconf 80' lang='lat' dir='ltr'>lplouir</span> <span class='ocrx_word' id='word_1_160' title='bbox 445 3096 502 3150; x_wconf 86' lang='lat' dir='ltr'>illic</span> <span class='ocrx_word' id='word_1_161' title='bbox 517 3095 632 3151; x_wconf 66' lang='lat' dir='ltr'>tediatus</span> <span class='ocrx_word' id='word_1_162' title='bbox 652 3106 675 3151; x_wconf 85' lang='lat' dir='ltr'>et</span> <span class='ocrx_word' id='word_1_163' title='bbox 696 3098 824 3167; x_wconf 75' lang='lat' dir='ltr'>peninum,</span> <span class='ocrx_word' id='word_1_164' title='bbox 838 3098 901 3176; x_wconf 78' lang='lat' dir='ltr'>‹lprn</span> <span class='ocrx_word' id='word_1_165' title='bbox 916 3101 1117 3153; x_wconf 74' lang='lat' dir='ltr'>recordaremur</span> <span class='ocrx_word' id='word_1_166' title='bbox 1168 3099 1284 3153; x_wconf 77' lang='lat' dir='ltr'>vocabili</span> <span class='ocrx_word' id='word_1_167' title='bbox 1296 3098 1352 3167; x_wconf 78' lang='lat' dir='ltr'>iarn</span> <span class='ocrx_word' id='word_1_168' title='bbox 1371 3101 1608 3155; x_wconf 79' lang='lat' dir='ltr'>arrirnatlcersione</span> <span class='ocrx_word' id='word_1_169' title='bbox 1628 3102 1664 3158; x_wconf 83' lang='lat' dir='ltr'>ol)</span> <span class='ocrx_word' id='word_1_170' title='bbox 1686 3105 1841 3173; x_wconf 84' lang='lat' dir='ltr'>superbiam</span> <span class='ocrx_word' id='word_1_171' title='bbox 1864 3119 1955 3164; x_wconf 82' lang='lat' dir='ltr'>extru-</span> 
     </span>
     <span class='ocr_line' id='line_1_19' title="bbox 320 3184 2034 3275; baseline 0.008 -34"><span class='ocrx_word' id='word_1_172' title='bbox 320 3185 497 3275; x_wconf 25' lang='lat' dir='ltr'>&#39;retulerat</span> <span class='ocrx_word' id='word_1_173' title='bbox 515 3184 798 3257; x_wconf 76' lang='lat' dir='ltr'>csxxrrl.·Spcculari</span> <span class='ocrx_word' id='word_1_174' title='bbox 817 3186 950 3257; x_wconf 80' lang='lat' dir='ltr'>siquidem</span> <span class='ocrx_word' id='word_1_175' title='bbox 973 3189 1121 3243; x_wconf 84' lang='lat' dir='ltr'>etlrabere</span> <span class='ocrx_word' id='word_1_176' title='bbox 1169 3206 1226 3248; x_wconf 78' lang='lat' dir='ltr'>sris.</span> <span class='ocrx_word' id='word_1_177' title='bbox 1263 3192 1294 3248; x_wconf 86' lang='lat' dir='ltr'>Si</span> <span class='ocrx_word' id='word_1_178' title='bbox 1330 3202 1421 3249; x_wconf 85' lang='lat' dir='ltr'>autem</span> <span class='ocrx_word' id='word_1_179' title='bbox 1452 3193 1518 3249; x_wconf 86' lang='lat' dir='ltr'>inibi</span> <span class='ocrx_word' id='word_1_180' title='bbox 1550 3195 1694 3264; x_wconf 81' lang='lat' dir='ltr'>reptabant</span> <span class='ocrx_word' id='word_1_181' title='bbox 1721 3208 1874 3267; x_wconf 73' lang='lat' dir='ltr'>serpentes,</span> <span class='ocrx_word' id='word_1_182' title='bbox 1905 3216 1954 3255; x_wconf 86' lang='lat' dir='ltr'>cur</span> <span class='ocrx_word' id='word_1_183' title='bbox 2032 3215 2034 3220; x_wconf 73' lang='grc'>’</span> 
     </span>
     <span class='ocr_line' id='line_1_20' title="bbox 329 3278 1955 3356; baseline 0.006 -21"><span class='ocrx_word' id='word_1_184' title='bbox 329 3295 462 3335; x_wconf 79' lang='lat' dir='ltr'>nummum</span> <span class='ocrx_word' id='word_1_185' title='bbox 489 3280 572 3337; x_wconf 85' lang='lat' dir='ltr'>desiit</span> <span class='ocrx_word' id='word_1_186' title='bbox 603 3278 1026 3349; x_wconf 77' lang='lat' dir='ltr'>oanunpraeuartcatorlllam,</span> <span class='ocrx_word' id='word_1_187' title='bbox 1051 3280 1115 3335; x_wconf 87' lang='lat' dir='ltr'>dum</span> <span class='ocrx_word' id='word_1_188' title='bbox 1168 3285 1251 3339; x_wconf 91' lang='lat' dir='ltr'>etiam</span> <span class='ocrx_word' id='word_1_189' title='bbox 1278 3286 1433 3343; x_wconf 86' lang='lat' dir='ltr'>leoncsaut</span> <span class='ocrx_word' id='word_1_190' title='bbox 1456 3286 1511 3356; x_wconf 90' lang='lat' dir='ltr'>lupi</span> <span class='ocrx_word' id='word_1_191' title='bbox 1537 3288 1577 3342; x_wconf 84' lang='lat' dir='ltr'>rel</span> <span class='ocrx_word' id='word_1_192' title='bbox 1612 3297 1710 3342; x_wconf 83' lang='lat' dir='ltr'>caetrra</span> <span class='ocrx_word' id='word_1_193' title='bbox 1744 3305 1796 3343; x_wconf 92' lang='lat' dir='ltr'>non</span> <span class='ocrx_word' id='word_1_194' title='bbox 1830 3290 1955 3346; x_wconf 85' lang='lat' dir='ltr'>atltnittc-</span> 
     </span>
     <span class='ocr_line' id='line_1_21' title="bbox 330 3367 1955 3448; baseline 0.006 -23"><span class='ocrx_word' id='word_1_195' title='bbox 330 3372 396 3427; x_wconf 83' lang='lat' dir='ltr'>male</span> <span class='ocrx_word' id='word_1_196' title='bbox 410 3371 571 3443; x_wconf 76' lang='lat' dir='ltr'>speculatus</span> <span class='ocrx_word' id='word_1_197' title='bbox 583 3371 646 3443; x_wconf 81' lang='lat' dir='ltr'>liqpi</span> <span class='ocrx_word' id='word_1_198' title='bbox 658 3370 779 3426; x_wconf 86' lang='lat' dir='ltr'>lructum</span> <span class='ocrx_word' id='word_1_199' title='bbox 794 3370 870 3424; x_wconf 83' lang='lat' dir='ltr'>uetiti</span> <span class='ocrx_word' id='word_1_200' title='bbox 881 3367 987 3426; x_wconf 88' lang='lat' dir='ltr'>summo</span> <span class='ocrx_word' id='word_1_201' title='bbox 998 3385 1029 3426; x_wconf 89' lang='lat' dir='ltr'>se</span> <span class='ocrx_word' id='word_1_202' title='bbox 1044 3371 1116 3428; x_wconf 88' lang='lat' dir='ltr'>mulo</span> <span class='ocrx_word' id='word_1_203' title='bbox 1169 3373 1431 3438; x_wconf 87' lang='lat' dir='ltr'>renturanimanlia,</span> <span class='ocrx_word' id='word_1_204' title='bbox 1454 3384 1483 3430; x_wconf 92' lang='lat' dir='ltr'>ut</span> <span class='ocrx_word' id='word_1_205' title='bbox 1506 3377 1618 3431; x_wconf 70' lang='lat' dir='ltr'>hirsuta)</span> <span class='ocrx_word' id='word_1_206' title='bbox 1641 3377 1733 3432; x_wconf 76' lang='lat' dir='ltr'>batrlris</span> <span class='ocrx_word' id='word_1_207' title='bbox 1756 3380 1878 3448; x_wconf 71' lang='lat' dir='ltr'>capellae,</span> <span class='ocrx_word' id='word_1_208' title='bbox 1910 3390 1955 3435; x_wconf 89' lang='lat' dir='ltr'>aut</span> 
     </span>
     <span class='ocr_line' id='line_1_22' title="bbox 330 3462 1953 3536; baseline 0.004 -20"><span class='ocrx_word' id='word_1_209' title='bbox 330 3462 452 3527; x_wconf 84' lang='lat' dir='ltr'>inseruit,</span> <span class='ocrx_word' id='word_1_210' title='bbox 467 3471 603 3534; x_wconf 85' lang='lat' dir='ltr'>quatenus</span> <span class='ocrx_word' id='word_1_211' title='bbox 616 3479 652 3518; x_wconf 88' lang='lat' dir='ltr'>ex</span> <span class='ocrx_word' id='word_1_212' title='bbox 670 3477 702 3518; x_wconf 93' lang='lat' dir='ltr'>eo</span> <span class='ocrx_word' id='word_1_213' title='bbox 720 3464 874 3533; x_wconf 89' lang='lat' dir='ltr'>importune</span> <span class='ocrx_word' id='word_1_214' title='bbox 888 3463 1043 3517; x_wconf 85' lang='lat' dir='ltr'>comederet</span> <span class='ocrx_word' id='word_1_215' title='bbox 1057 3479 1117 3517; x_wconf 92' lang='lat' dir='ltr'>mu·</span> <span class='ocrx_word' id='word_1_216' title='bbox 1168 3464 1247 3525; x_wconf 84' lang='lat' dir='ltr'>lrirci,</span> <span class='ocrx_word' id='word_1_217' title='bbox 1281 3465 1431 3520; x_wconf 88' lang='lat' dir='ltr'>aromatica</span> <span class='ocrx_word' id='word_1_218' title='bbox 1459 3466 1638 3520; x_wconf 83' lang='lat' dir='ltr'>vrrlnerarent</span> <span class='ocrx_word' id='word_1_219' title='bbox 1664 3468 1799 3523; x_wconf 85' lang='lat' dir='ltr'>morsibus</span> <span class='ocrx_word' id='word_1_220' title='bbox 1829 3470 1953 3536; x_wconf 85' lang='lat' dir='ltr'>arbusta,</span> 
     </span>
     <span class='ocr_line' id='line_1_23' title="bbox 329 3552 1955 3629; baseline 0.001 -18"><span class='ocrx_word' id='word_1_221' title='bbox 329 3558 399 3614; x_wconf 83' lang='lat' dir='ltr'>lieris</span> <span class='ocrx_word' id='word_1_222' title='bbox 418 3557 561 3613; x_wconf 89' lang='lat' dir='ltr'>instinctu.</span> <span class='ocrx_word' id='word_1_223' title='bbox 582 3557 652 3611; x_wconf 83' lang='lat' dir='ltr'>llicit</span> <span class='ocrx_word' id='word_1_224' title='bbox 669 3570 734 3611; x_wconf 82' lang='lat' dir='ltr'>uero</span> <span class='ocrx_word' id='word_1_225' title='bbox 757 3554 904 3625; x_wconf 75' lang='lat' dir='ltr'>Apostolus</span> <span class='ocrx_word' id='word_1_226' title='bbox 924 3572 931 3607; x_wconf 78' lang='grc' dir='ltr'><strong>ε</strong></span> <span class='ocrx_word' id='word_1_227' title='bbox 955 3556 1043 3609; x_wconf 72' lang='lat' dir='ltr'>Acium</span> <span class='ocrx_word' id='word_1_228' title='bbox 1065 3572 1117 3609; x_wconf 85' lang='lat' dir='ltr'>uon</span> <span class='ocrx_word' id='word_1_229' title='bbox 1168 3552 1365 3624; x_wconf 78' lang='lat' dir='ltr'>perlloriqeros</span> <span class='ocrx_word' id='word_1_230' title='bbox 1377 3554 1455 3625; x_wconf 83' lang='lat' dir='ltr'>pilosi</span> <span class='ocrx_word' id='word_1_231' title='bbox 1467 3569 1577 3623; x_wconf 87' lang='lat' dir='ltr'>campos</span> <span class='ocrx_word' id='word_1_232' title='bbox 1592 3556 1735 3622; x_wconf 75' lang='lat' dir='ltr'>saltarent,</span> <span class='ocrx_word' id='word_1_233' title='bbox 1749 3557 1955 3629; x_wconf 80' lang='lat' dir='ltr'>ululaerespou··</span> 
     </span>
     <span class='ocr_line' id='line_1_24' title="bbox 328 3644 1956 3718; baseline 0.001 -16"><span class='ocrx_word' id='word_1_234' title='bbox 328 3660 363 3703; x_wconf 85' lang='lat' dir='ltr'>ert</span> <span class='ocrx_word' id='word_1_235' title='bbox 377 3650 523 3713; x_wconf 55' lang='lat' dir='ltr'>seductum</span> <span class='ocrx_word' id='word_1_236' title='bbox 541 3648 846 3703; x_wconf 82' lang='lat' dir='ltr'>ntoliernutemsedttcla</span> <span class='ocrx_word' id='word_1_237' title='bbox 859 3647 1117 3715; x_wconf 80' lang='lat' dir='ltr'>inproeunricatr&#39;one</span> <span class='ocrx_word' id='word_1_238' title='bbox 1169 3646 1264 3701; x_wconf 78' lang='lat' dir='ltr'>deterat</span> <span class='ocrx_word' id='word_1_239' title='bbox 1290 3655 1317 3701; x_wconf 90' lang='lat' dir='ltr'>et</span> <span class='ocrx_word' id='word_1_240' title='bbox 1342 3645 1446 3699; x_wconf 79' lang='lat' dir='ltr'>strena</span> <span class='ocrx_word' id='word_1_241' title='bbox 1467 3654 1595 3715; x_wconf 82' lang='lat' dir='ltr'>tauquam</span> <span class='ocrx_word' id='word_1_242' title='bbox 1622 3649 1648 3701; x_wconf 91' lang='lat' dir='ltr'>in</span> <span class='ocrx_word' id='word_1_243' title='bbox 1673 3648 1792 3703; x_wconf 75' lang='lat' dir='ltr'>delubro·</span> <span class='ocrx_word' id='word_1_244' title='bbox 1809 3644 1956 3718; x_wconf 76' lang='lat' dir='ltr'>uoluptatis</span> 
     </span>
     <span class='ocr_line' id='line_1_25' title="bbox 328 3737 1956 3812; baseline 0.001 -17"><span class='ocrx_word' id='word_1_245' title='bbox 328 3744 376 3809; x_wconf 70' lang='lat' dir='ltr'>tait</span> <span class='ocrx_word' id='word_1_246' title='bbox 389 3740 415 3812; x_wconf 83' lang='lat' dir='ltr'>(l</span> <span class='ocrx_word' id='word_1_247' title='bbox 435 3740 507 3795; x_wconf 83' lang='grc' dir='ltr'><strong>Τιίιι.</strong></span> <span class='ocrx_word' id='word_1_248' title='bbox 520 3741 565 3811; x_wconf 91' lang='grc' dir='ltr'><strong>ιι).</strong></span> <span class='ocrx_word' id='word_1_249' title='bbox 580 3739 649 3812; x_wconf 74' lang='lat' dir='ltr'>Ergo</span> <span class='ocrx_word' id='word_1_250' title='bbox 662 3740 782 3795; x_wconf 88' lang='lat' dir='ltr'>sclenter</span> <span class='ocrx_word' id='word_1_251' title='bbox 807 3739 893 3792; x_wconf 76' lang='lat' dir='ltr'>Atiam</span> <span class='ocrx_word' id='word_1_252' title='bbox 916 3741 1049 3808; x_wconf 86' lang='lat' dir='ltr'>peccavit,</span> <span class='ocrx_word' id='word_1_253' title='bbox 1067 3756 1117 3795; x_wconf 91' lang='lat' dir='ltr'>nec</span> <span class='ocrx_word' id='word_1_254' title='bbox 1169 3738 1254 3793; x_wconf 85' lang='lat' dir='ltr'>melos</span> <span class='ocrx_word' id='word_1_255' title='bbox 1279 3738 1493 3794; x_wconf 78' lang='lat' dir='ltr'>interturbantes</span> <span class='ocrx_word' id='word_1_256' title='bbox 1510 3737 1688 3809; x_wconf 70' lang='lat' dir='ltr'>,angelicane</span> <span class='ocrx_word' id='word_1_257' title='bbox 1708 3739 1843 3796; x_wconf 67' lang='lat' dir='ltr'>⁴l&#39;ossores</span> <span class='ocrx_word' id='word_1_258' title='bbox 1868 3742 1956 3810; x_wconf 84' lang='lat' dir='ltr'>talpas</span> 
     </span>
     <span class='ocr_line' id='line_1_26' title="bbox 329 3827 1957 3903; baseline -0.002 -16"><span class='ocrx_word' id='word_1_259' title='bbox 329 3833 435 3889; x_wconf 80' lang='lat' dir='ltr'>deliciis</span> <span class='ocrx_word' id='word_1_260' title='bbox 449 3840 596 3889; x_wconf 88' lang='lat' dir='ltr'>contentus</span> <span class='ocrx_word' id='word_1_261' title='bbox 610 3832 740 3902; x_wconf 81' lang='lat' dir='ltr'>paralisi,</span> <span class='ocrx_word' id='word_1_262' title='bbox 756 3830 852 3888; x_wconf 81' lang='lat' dir='ltr'>altiora</span> <span class='ocrx_word' id='word_1_263' title='bbox 868 3847 900 3893; x_wconf 83' lang='lat' dir='ltr'>sc</span> <span class='ocrx_word' id='word_1_264' title='bbox 922 3846 971 3900; x_wconf 87' lang='lat' dir='ltr'>por</span> <span class='ocrx_word' id='word_1_265' title='bbox 992 3832 1116 3903; x_wconf 84' lang='lat' dir='ltr'>rapinam</span> <span class='ocrx_word' id='word_1_266' title='bbox 1170 3827 1244 3883; x_wconf 90' lang='lat' dir='ltr'>illam</span> <span class='ocrx_word' id='word_1_267' title='bbox 1256 3829 1404 3883; x_wconf 75' lang='lat' dir='ltr'>vitalitium</span> <span class='ocrx_word' id='word_1_268' title='bbox 1416 3836 1518 3883; x_wconf 88' lang='lat' dir='ltr'>terram</span> <span class='ocrx_word' id='word_1_269' title='bbox 1535 3828 1606 3884; x_wconf 84' lang='lat' dir='ltr'>absit</span> <span class='ocrx_word' id='word_1_270' title='bbox 1616 3827 1744 3883; x_wconf 80' lang='lat' dir='ltr'>salientia</span> <span class='ocrx_word' id='word_1_271' title='bbox 1755 3830 1920 3886; x_wconf 85' lang='lat' dir='ltr'>cornmulere</span> <span class='ocrx_word' id='word_1_272' title='bbox 1928 3842 1957 3887; x_wconf 87' lang='lat' dir='ltr'>et</span> 
     </span>
     <span class='ocr_line' id='line_1_27' title="bbox 328 3920 1956 3995; baseline -0.001 -18"><span class='ocrx_word' id='word_1_273' title='bbox 328 3940 451 3993; x_wconf 75' lang='lat' dir='ltr'>quaerere</span> <span class='ocrx_word' id='word_1_274' title='bbox 461 3924 607 3980; x_wconf 79' lang='lat' dir='ltr'>attentavit</span> <span class='ocrx_word' id='word_1_275' title='bbox 621 3924 783 3995; x_wconf 72' lang='lat' dir='ltr'>dedignatus</span> <span class='ocrx_word' id='word_1_276' title='bbox 800 3923 924 3989; x_wconf 87' lang='lat' dir='ltr'>obedire,</span> <span class='ocrx_word' id='word_1_277' title='bbox 947 3923 1119 3993; x_wconf 80' lang='lat' dir='ltr'>quarrtloqui·</span> <span class='ocrx_word' id='word_1_278' title='bbox 1169 3934 1277 3987; x_wconf 85' lang='lat' dir='ltr'>cruere,</span> <span class='ocrx_word' id='word_1_279' title='bbox 1288 3920 1494 3988; x_wconf 82' lang='lat' dir='ltr'>vespertiliones</span> <span class='ocrx_word' id='word_1_280' title='bbox 1505 3920 1734 3987; x_wconf 81' lang='lat' dir='ltr'>circumvolitare,</span> <span class='ocrx_word' id='word_1_281' title='bbox 1745 3920 1813 3976; x_wconf 77' lang='lat' dir='ltr'>‚tlrtm</span> <span class='ocrx_word' id='word_1_282' title='bbox 1827 3931 1956 3992; x_wconf 87' lang='lat' dir='ltr'>perpetua</span> 
     </span>
     <span class='ocr_line' id='line_1_28' title="bbox 329 3996 1957 4087; baseline -0.003 -15"><span class='ocrx_word' id='word_1_283' title='bbox 329 4018 388 4071; x_wconf 84' lang='lat' dir='ltr'>dern</span> <span class='ocrx_word' id='word_1_284' title='bbox 418 4016 574 4087; x_wconf 86' lang='lat' dir='ltr'>comparari</span> <span class='ocrx_word' id='word_1_285' title='bbox 604 3996 720 4073; x_wconf 74' lang='lat' dir='ltr'>ambiret</span> <span class='ocrx_word' id='word_1_286' title='bbox 746 4016 814 4072; x_wconf 79' lang='lat' dir='ltr'>lieo.</span> <span class='ocrx_word' id='word_1_287' title='bbox 855 4015 967 4083; x_wconf 82' lang='lat' dir='ltr'>ilerum,</span> <span class='ocrx_word' id='word_1_288' title='bbox 988 4015 1116 4084; x_wconf 77' lang='lat' dir='ltr'>quoniam</span> <span class='ocrx_word' id='word_1_289' title='bbox 1169 4010 1414 4067; x_wconf 84' lang='lat' dir='ltr'>illictliesmrllurn</span> <span class='ocrx_word' id='word_1_290' title='bbox 1431 4010 1604 4067; x_wconf 86' lang='lat' dir='ltr'>tenebrescat</span> <span class='ocrx_word' id='word_1_291' title='bbox 1623 4012 1650 4066; x_wconf 95' lang='lat' dir='ltr'>in</span> <span class='ocrx_word' id='word_1_292' title='bbox 1675 4011 1957 4083; x_wconf 79' lang='lat' dir='ltr'>vesperumluteuie·</span> 
     </span>
     <span class='ocr_line' id='line_1_29' title="bbox 327 4101 1957 4184; baseline -0.009 -16"><span class='ocrx_word' id='word_1_293' title='bbox 327 4128 385 4165; x_wconf 78' lang='lat' dir='ltr'>rent</span> <span class='ocrx_word' id='word_1_294' title='bbox 399 4114 630 4174; x_wconf 67' lang='lat' dir='ltr'>intumuerat.</span> <span class='ocrx_word' id='word_1_295' title='bbox 652 4126 705 4184; x_wconf 83' lang='lat' dir='ltr'>apa</span> <span class='ocrx_word' id='word_1_296' title='bbox 725 4111 852 4165; x_wconf 74' lang='lat' dir='ltr'>intellexit</span> <span class='ocrx_word' id='word_1_297' title='bbox 859 4126 869 4175; x_wconf 93' lang='lat'>,·</span> <span class='ocrx_word' id='word_1_298' title='bbox 890 4118 1057 4177; x_wconf 73' lang='lat' dir='ltr'>conmoratus</span> <span class='ocrx_word' id='word_1_299' title='bbox 1079 4119 1118 4163; x_wconf 68' lang='lat' dir='ltr'>ear</span> <span class='ocrx_word' id='word_1_300' title='bbox 1170 4110 1229 4156; x_wconf 90' lang='lat' dir='ltr'>rata</span> <span class='ocrx_word' id='word_1_301' title='bbox 1250 4102 1375 4170; x_wconf 85' lang='lat' dir='ltr'>equidem</span> <span class='ocrx_word' id='word_1_302' title='bbox 1393 4115 1426 4156; x_wconf 94' lang='lat' dir='ltr'>ac</span> <span class='ocrx_word' id='word_1_303' title='bbox 1440 4101 1566 4169; x_wconf 88' lang='lat' dir='ltr'>specialis</span> <span class='ocrx_word' id='word_1_304' title='bbox 1589 4102 1696 4157; x_wconf 90' lang='lat' dir='ltr'>mansio</span> <span class='ocrx_word' id='word_1_305' title='bbox 1720 4101 1786 4155; x_wconf 87' lang='lat' dir='ltr'>ntlil</span> <span class='ocrx_word' id='word_1_306' title='bbox 1804 4102 1896 4156; x_wconf 92' lang='lat' dir='ltr'>talium</span> <span class='ocrx_word' id='word_1_307' title='bbox 1915 4117 1957 4154; x_wconf 86' lang='lat' dir='ltr'>re-</span> 
     </span>
     <span class='ocr_line' id='line_1_30' title="bbox 325 4192 1957 4271; baseline -0.006 -16"><span class='ocrx_word' id='word_1_308' title='bbox 325 4203 451 4271; x_wconf 76' lang='lat' dir='ltr'>p&#39;emenne</span> <span class='ocrx_word' id='word_1_309' title='bbox 466 4201 649 4270; x_wconf 74' lang='lat' dir='ltr'>iusipientilaa</span> <span class='ocrx_word' id='word_1_310' title='bbox 661 4201 790 4256; x_wconf 47' lang='lat' dir='ltr'>et&#39;sinrilis</span> <span class='ocrx_word' id='word_1_311' title='bbox 802 4201 888 4269; x_wconf 75' lang='lat' dir='ltr'>sactae</span> <span class='ocrx_word' id='word_1_312' title='bbox 913 4209 950 4255; x_wconf 80' lang='lat' dir='ltr'>cat</span> <span class='ocrx_word' id='word_1_313' title='bbox 966 4201 1018 4254; x_wconf 84' lang='lat' dir='ltr'>illia</span> <span class='ocrx_word' id='word_1_314' title='bbox 1031 4199 1117 4269; x_wconf 80' lang='lat' dir='ltr'>(Paul.</span> <span class='ocrx_word' id='word_1_315' title='bbox 1169 4199 1270 4263; x_wconf 86' lang='lat' dir='ltr'>ceptat,</span> <span class='ocrx_word' id='word_1_316' title='bbox 1284 4208 1344 4261; x_wconf 69' lang='lat' dir='ltr'>quar</span> <span class='ocrx_word' id='word_1_317' title='bbox 1358 4193 1423 4249; x_wconf 80' lang='lat' dir='ltr'>solis</span> <span class='ocrx_word' id='word_1_318' title='bbox 1437 4193 1594 4249; x_wconf 84' lang='lat' dir='ltr'>hominibus</span> <span class='ocrx_word' id='word_1_319' title='bbox 1612 4192 1691 4247; x_wconf 89' lang='lat' dir='ltr'>unica</span> <span class='ocrx_word' id='word_1_320' title='bbox 1706 4201 1779 4266; x_wconf 83' lang='lat' dir='ltr'>esset</span> <span class='ocrx_word' id='word_1_321' title='bbox 1794 4193 1957 4265; x_wconf 81' lang='lat' dir='ltr'>rrrpniliceu-</span> 
     </span>
     <span class='ocr_line' id='line_1_31' title="bbox 328 4281 1957 4363; baseline 0.005 -18"><span class='ocrx_word' id='word_1_322' title='bbox 328 4289 434 4363; x_wconf 77' lang='lat' dir='ltr'>sterit),</span> <span class='ocrx_word' id='word_1_323' title='bbox 455 4291 633 4348; x_wconf 69' lang='lat' dir='ltr'>similitudma</span> <span class='ocrx_word' id='word_1_324' title='bbox 667 4290 712 4347; x_wconf 85' lang='lat' dir='ltr'>Dei</span> <span class='ocrx_word' id='word_1_325' title='bbox 752 4292 885 4360; x_wconf 82' lang='lat' dir='ltr'>priuatus,</span> <span class='ocrx_word' id='word_1_326' title='bbox 921 4292 1118 4357; x_wconf 85' lang='lat' dir='ltr'>correupiscen·</span> <span class='ocrx_word' id='word_1_327' title='bbox 1170 4284 1208 4337; x_wconf 67' lang='lat' dir='ltr'>lit</span> <span class='ocrx_word' id='word_1_328' title='bbox 1230 4282 1277 4337; x_wconf 68' lang='lat' dir='ltr'>liei</span> <span class='ocrx_word' id='word_1_329' title='bbox 1292 4285 1460 4348; x_wconf 84' lang='lat' dir='ltr'>contributa,</span> <span class='ocrx_word' id='word_1_330' title='bbox 1482 4297 1570 4352; x_wconf 62' lang='lat' dir='ltr'>”elue</span> <span class='ocrx_word' id='word_1_331' title='bbox 1589 4284 1644 4353; x_wconf 75' lang='lat' dir='ltr'>l&#39;am</span> <span class='ocrx_word' id='word_1_332' title='bbox 1667 4282 1777 4352; x_wconf 60' lang='lat' dir='ltr'>lilims</span> <span class='ocrx_word' id='word_1_333' title='bbox 1791 4281 1957 4336; x_wconf 85' lang='lat' dir='ltr'>boberella·</span> 
     </span>
     <span class='ocr_line' id='line_1_32' title="bbox 328 4372 1954 4453; baseline 0.001 -26"><span class='ocrx_word' id='word_1_334' title='bbox 328 4383 546 4453; x_wconf 61' lang='lat' dir='ltr'>mqueqamlj</span> <span class='ocrx_word' id='word_1_335' title='bbox 565 4381 803 4452; x_wconf 65' lang='lat' dir='ltr'>moribusqquqm</span> <span class='ocrx_word' id='word_1_336' title='bbox 817 4382 926 4439; x_wconf 64' lang='lat' dir='ltr'>effrenis</span> <span class='ocrx_word' id='word_1_337' title='bbox 942 4382 1117 4437; x_wconf 70' lang='lat' dir='ltr'>ifrartonabi·</span> <span class='ocrx_word' id='word_1_338' title='bbox 1171 4372 1297 4428; x_wconf 88' lang='lat' dir='ltr'>cultatem</span> <span class='ocrx_word' id='word_1_339' title='bbox 1311 4373 1381 4427; x_wconf 89' lang='lat' dir='ltr'>mala</span> <span class='ocrx_word' id='word_1_340' title='bbox 1395 4373 1491 4439; x_wconf 86' lang='lat' dir='ltr'>bestia,</span> <span class='ocrx_word' id='word_1_341' title='bbox 1512 4373 1660 4427; x_wconf 83' lang='lat' dir='ltr'>insidiosus</span> <span class='ocrx_word' id='word_1_342' title='bbox 1678 4372 1785 4427; x_wconf 86' lang='lat' dir='ltr'>scilicet</span> <span class='ocrx_word' id='word_1_343' title='bbox 1806 4372 1954 4428; x_wconf 77' lang='lat' dir='ltr'>Bellernotlr</span> 
     </span>
     <span class='ocr_line' id='line_1_33' title="bbox 326 4464 1954 4546; baseline -0.009 -15"><span class='ocrx_word' id='word_1_344' title='bbox 326 4478 398 4533; x_wconf 75' lang='lat' dir='ltr'>lilius</span> <span class='ocrx_word' id='word_1_345' title='bbox 413 4478 573 4539; x_wconf 78' lang='lat' dir='ltr'>abstractus</span> <span class='ocrx_word' id='word_1_346' title='bbox 596 4484 638 4531; x_wconf 92' lang='lat' dir='ltr'>est</span> <span class='ocrx_word' id='word_1_347' title='bbox 652 4476 743 4546; x_wconf 85' lang='lat' dir='ltr'>itaque</span> <span class='ocrx_word' id='word_1_348' title='bbox 756 4484 783 4530; x_wconf 91' lang='lat' dir='ltr'>ct</span> <span class='ocrx_word' id='word_1_349' title='bbox 800 4475 917 4541; x_wconf 86' lang='lat' dir='ltr'>illectus,</span> <span class='ocrx_word' id='word_1_350' title='bbox 931 4472 1006 4545; x_wconf 83' lang='lat' dir='ltr'>quia,</span> <span class='ocrx_word' id='word_1_351' title='bbox 1020 4487 1118 4528; x_wconf 87' lang='lat' dir='ltr'>secun·</span> <span class='ocrx_word' id='word_1_352' title='bbox 1172 4466 1330 4521; x_wconf 79' lang='lat' dir='ltr'>transeunti</span> <span class='ocrx_word' id='word_1_353' title='bbox 1354 4481 1402 4536; x_wconf 90' lang='lat' dir='ltr'>per</span> <span class='ocrx_word' id='word_1_354' title='bbox 1416 4479 1489 4521; x_wconf 88' lang='lat' dir='ltr'>eam.</span> <span class='ocrx_word' id='word_1_355' title='bbox 1502 4464 1572 4532; x_wconf 81' lang='lat' dir='ltr'>Qtrin</span> <span class='ocrx_word' id='word_1_356' title='bbox 1587 4464 1676 4535; x_wconf 88' lang='lat' dir='ltr'>petius</span> <span class='ocrx_word' id='word_1_357' title='bbox 1690 4464 1756 4534; x_wconf 91' lang='lat' dir='ltr'>ipse</span> <span class='ocrx_word' id='word_1_358' title='bbox 1770 4465 1816 4533; x_wconf 89' lang='lat' dir='ltr'>qui</span> <span class='ocrx_word' id='word_1_359' title='bbox 1830 4464 1916 4518; x_wconf 78' lang='lat' dir='ltr'>discr</span> <span class='ocrx_word' id='word_1_360' title='bbox 1918 4473 1954 4517; x_wconf 84' lang='lat' dir='ltr'>rt</span> 
     </span>
     <span class='ocr_line' id='line_1_34' title="bbox 325 4554 1957 4640; baseline -0.009 -16"><span class='ocrx_word' id='word_1_361' title='bbox 325 4571 392 4625; x_wconf 80' lang='lat' dir='ltr'>duan</span> <span class='ocrx_word' id='word_1_362' title='bbox 411 4567 633 4640; x_wconf 82' lang='lat' dir='ltr'>apostolttacoht</span> <span class='ocrx_word' id='word_1_363' title='bbox 651 4568 783 4623; x_wconf 86' lang='lat' dir='ltr'>dictum:</span> <span class='ocrx_word' id='word_1_364' title='bbox 801 4565 1032 4637; x_wconf 79' lang='lat' dir='ltr'>Concupiscentia</span> <span class='ocrx_word' id='word_1_365' title='bbox 1059 4579 1120 4619; x_wconf 78' lang='lat' dir='ltr'>cam</span> <span class='ocrx_word' id='word_1_366' title='bbox 1171 4554 1507 4619; x_wconf 78' lang='lat' dir='ltr'>lncoelamconacenuam,</span> <span class='ocrx_word' id='word_1_367' title='bbox 1522 4554 1892 4623; x_wconf 75' lang='lat' dir='ltr'>ruperattralieieaultalto</span> <span class='ocrx_word' id='word_1_368' title='bbox 1911 4572 1957 4609; x_wconf 76' lang='lat' dir='ltr'>aa·</span> 
     </span>
     <span class='ocr_line' id='line_1_35' title="bbox 325 4627 1972 4731; baseline -0.008 -17"><span class='ocrx_word' id='word_1_369' title='bbox 325 4662 486 4731; x_wconf 72' lang='lat' dir='ltr'>conceperit,</span> <span class='ocrx_word' id='word_1_370' title='bbox 502 4661 735 4731; x_wconf 82' lang='lat' dir='ltr'>poritpeccatem,·</span> <span class='ocrx_word' id='word_1_371' title='bbox 750 4667 967 4728; x_wconf 82' lang='lat' dir='ltr'>peccatamuero,</span> <span class='ocrx_word' id='word_1_372' title='bbox 986 4671 1121 4710; x_wconf 84' lang='lat' dir='ltr'>eumcon-</span> <span class='ocrx_word' id='word_1_373' title='bbox 1171 4648 1345 4712; x_wconf 80' lang='lat' dir='ltr'>llummeum,</span> <span class='ocrx_word' id='word_1_374' title='bbox 1357 4646 1489 4701; x_wconf 81' lang='lat' dir='ltr'>sedeboin</span> <span class='ocrx_word' id='word_1_375' title='bbox 1509 4647 1768 4712; x_wconf 76' lang='lat' dir='ltr'>ntontetertmnenti,</span> <span class='ocrx_word' id='word_1_376' title='bbox 1785 4647 1813 4700; x_wconf 87' lang='grc' dir='ltr'>ιἰι</span> <span class='ocrx_word' id='word_1_377' title='bbox 1832 4627 1972 4701; x_wconf 67' lang='lat' dir='ltr'>lateriias&#39;</span> 
     </span>
     <span class='ocr_line' id='line_1_36' title="bbox 325 4736 1957 4822; baseline -0.012 -13"><span class='ocrx_word' id='word_1_378' title='bbox 325 4763 490 4812; x_wconf 76' lang='grc' dir='ltr'><strong>ιιιιιιιιισιιιιιι</strong></span> <span class='ocrx_word' id='word_1_379' title='bbox 503 4753 594 4822; x_wconf 73' lang='lat' dir='ltr'>faerit,</span> <span class='ocrx_word' id='word_1_380' title='bbox 605 4759 710 4822; x_wconf 78' lang='lat' dir='ltr'>perteret</span> <span class='ocrx_word' id='word_1_381' title='bbox 722 4760 829 4804; x_wconf 85' lang='lat' dir='ltr'>mortem</span> <span class='ocrx_word' id='word_1_382' title='bbox 840 4746 911 4817; x_wconf 75' lang='lat' dir='ltr'>(Ine.</span> <span class='ocrx_word' id='word_1_383' title='bbox 926 4747 958 4817; x_wconf 86' lang='grc' dir='ltr'><strong>ι).</strong></span> <span class='ocrx_word' id='word_1_384' title='bbox 1133 4745 1156 4802; x_wconf 82' lang='lat' dir='ltr'><strong>G</strong></span> <span class='ocrx_word' id='word_1_385' title='bbox 1172 4740 1319 4809; x_wconf 69' lang='lat' dir='ltr'>aquilone,-</span> <span class='ocrx_word' id='word_1_386' title='bbox 1331 4739 1470 4794; x_wconf 80' lang='lat' dir='ltr'>osceudmn</span> <span class='ocrx_word' id='word_1_387' title='bbox 1482 4736 1734 4804; x_wconf 68' lang='lat' dir='ltr'>superattendimus</span> <span class='ocrx_word' id='word_1_388' title='bbox 1749 4737 1877 4802; x_wconf 65' lang='lat' dir='ltr'>auttan-</span> <span class='ocrx_word' id='word_1_389' title='bbox 1886 4738 1957 4791; x_wconf 86' lang='lat' dir='ltr'>sirni-</span> 
     </span>
     <span class='ocr_line' id='line_1_37' title="bbox 363 4830 1959 4913; baseline -0.009 -17"><span class='ocrx_word' id='word_1_390' title='bbox 363 4847 399 4901; x_wconf 79' lang='grc' dir='ltr'><strong>ει</strong></span> <span class='ocrx_word' id='word_1_391' title='bbox 411 4845 482 4901; x_wconf 74' lang='lat' dir='ltr'>heu!</span> <span class='ocrx_word' id='word_1_392' title='bbox 496 4858 578 4913; x_wconf 89' lang='lat' dir='ltr'>quarn</span> <span class='ocrx_word' id='word_1_393' title='bbox 595 4856 703 4896; x_wconf 76' lang='lat' dir='ltr'>anterus</span> <span class='ocrx_word' id='word_1_394' title='bbox 717 4840 809 4912; x_wconf 76' lang='lat' dir='ltr'>perrari</span> <span class='ocrx_word' id='word_1_395' title='bbox 830 4846 872 4894; x_wconf 87' lang='lat' dir='ltr'>est</span> <span class='ocrx_word' id='word_1_396' title='bbox 897 4839 1017 4893; x_wconf 84' lang='lat' dir='ltr'>ltummro</span> <span class='ocrx_word' id='word_1_397' title='bbox 1034 4836 1120 4893; x_wconf 88' lang='lat' dir='ltr'>lactus</span> <span class='ocrx_word' id='word_1_398' title='bbox 1173 4833 1206 4887; x_wconf 80' lang='lat' dir='ltr'>lis</span> <span class='ocrx_word' id='word_1_399' title='bbox 1220 4848 1265 4886; x_wconf 84' lang='lat' dir='ltr'>ero</span> <span class='ocrx_word' id='word_1_400' title='bbox 1287 4831 1435 4894; x_wconf 77' lang='lat' dir='ltr'>Altissinro,</span> <span class='ocrx_word' id='word_1_401' title='bbox 1452 4841 1475 4884; x_wconf 89' lang='lat' dir='ltr'>et</span> <span class='ocrx_word' id='word_1_402' title='bbox 1501 4830 1569 4884; x_wconf 83' lang='lat' dir='ltr'>Deus</span> <span class='ocrx_word' id='word_1_403' title='bbox 1584 4846 1643 4883; x_wconf 83' lang='lat' dir='ltr'>sum</span> <span class='ocrx_word' id='word_1_404' title='bbox 1663 4846 1721 4901; x_wconf 82' lang='lat' dir='ltr'>epo,</span> <span class='ocrx_word' id='word_1_405' title='bbox 1743 4840 1766 4884; x_wconf 87' lang='lat' dir='ltr'>et</span> <span class='ocrx_word' id='word_1_406' title='bbox 1786 4831 1814 4884; x_wconf 86' lang='lat' dir='ltr'>iu</span> <span class='ocrx_word' id='word_1_407' title='bbox 1834 4830 1959 4885; x_wconf 80' lang='lat' dir='ltr'>carneum</span> 
     </span>
     <span class='ocr_line' id='line_1_38' title="bbox 325 4924 1958 5004; baseline -0.012 -9"><span class='ocrx_word' id='word_1_408' title='bbox 325 4942 371 4995; x_wconf 91' lang='lat' dir='ltr'>ille</span> <span class='ocrx_word' id='word_1_409' title='bbox 389 4950 535 4993; x_wconf 81' lang='lat' dir='ltr'>serrorum</span> <span class='ocrx_word' id='word_1_410' title='bbox 548 4932 649 5004; x_wconf 86' lang='lat' dir='ltr'>peccati</span> <span class='ocrx_word' id='word_1_411' title='bbox 666 4933 789 4987; x_wconf 90' lang='lat' dir='ltr'>morsusl</span> <span class='ocrx_word' id='word_1_412' title='bbox 808 4929 865 4987; x_wconf 88' lang='lat' dir='ltr'>lloc</span> <span class='ocrx_word' id='word_1_413' title='bbox 890 4930 916 4985; x_wconf 90' lang='lat' dir='ltr'>in</span> <span class='ocrx_word' id='word_1_414' title='bbox 938 4927 1121 4985; x_wconf 82' lang='lat' dir='ltr'>morientibus</span> <span class='ocrx_word' id='word_1_415' title='bbox 1174 4930 1332 4992; x_wconf 65' lang='lat' dir='ltr'>Deiradiet</span> <span class='ocrx_word' id='word_1_416' title='bbox 1344 4928 1449 4981; x_wconf 80' lang='lat' dir='ltr'>dederat</span> <span class='ocrx_word' id='word_1_417' title='bbox 1461 4942 1591 4981; x_wconf 78' lang='lat' dir='ltr'>corruunt</span> <span class='ocrx_word' id='word_1_418' title='bbox 1602 4927 1668 4979; x_wconf 83' lang='lat' dir='ltr'>sicut</span> <span class='ocrx_word' id='word_1_419' title='bbox 1687 4924 1871 4995; x_wconf 69' lang='lat' dir='ltr'>corbellini.</span> <span class='ocrx_word' id='word_1_420' title='bbox 1889 4926 1958 4994; x_wconf 69' lang='grc' dir='ltr'><strong>ιιιις</strong></span> 
     </span>
     <span class='ocr_line' id='line_1_39' title="bbox 285 5016 1958 5098; baseline -0.011 -11"><span class='ocrx_word' id='word_1_421' title='bbox 285 5025 287 5029; x_wconf 68' lang='grc'><strong>’</strong></span> <span class='ocrx_word' id='word_1_422' title='bbox 326 5032 414 5086; x_wconf 83' lang='lat' dir='ltr'>rideri</span> <span class='ocrx_word' id='word_1_423' title='bbox 427 5027 548 5085; x_wconf 79' lang='lat' dir='ltr'>maxime</span> <span class='ocrx_word' id='word_1_424' title='bbox 562 5033 661 5098; x_wconf 86' lang='lat' dir='ltr'>potest.</span> <span class='ocrx_word' id='word_1_425' title='bbox 674 5024 774 5078; x_wconf 78' lang='lat' dir='ltr'>Fateor</span> <span class='ocrx_word' id='word_1_426' title='bbox 791 5023 884 5083; x_wconf 85' lang='lat' dir='ltr'>miser.</span> <span class='ocrx_word' id='word_1_427' title='bbox 900 5020 973 5091; x_wconf 89' lang='lat' dir='ltr'>qnod</span> <span class='ocrx_word' id='word_1_428' title='bbox 988 5018 1120 5089; x_wconf 89' lang='lat' dir='ltr'>plurimo·</span> <span class='ocrx_word' id='word_1_429' title='bbox 1140 5016 1143 5020; x_wconf 75' lang='grc'><em>’</em></span> <span class='ocrx_word' id='word_1_430' title='bbox 1169 5022 1225 5091; x_wconf 87' lang='lat' dir='ltr'>jam</span> <span class='ocrx_word' id='word_1_431' title='bbox 1241 5021 1388 5075; x_wconf 83' lang='lat' dir='ltr'>secundum</span> <span class='ocrx_word' id='word_1_432' title='bbox 1410 5035 1508 5075; x_wconf 90' lang='lat' dir='ltr'>nomen</span> <span class='ocrx_word' id='word_1_433' title='bbox 1531 5034 1611 5074; x_wconf 88' lang='lat' dir='ltr'>suum</span> <span class='ocrx_word' id='word_1_434' title='bbox 1635 5028 1708 5074; x_wconf 90' lang='lat' dir='ltr'>totus</span> <span class='ocrx_word' id='word_1_435' title='bbox 1736 5016 1863 5070; x_wconf 85' lang='lat' dir='ltr'>animalis</span> <span class='ocrx_word' id='word_1_436' title='bbox 1884 5018 1958 5084; x_wconf 88' lang='lat' dir='ltr'>(nam</span> 
     </span>
     <span class='ocr_line' id='line_1_40' title="bbox 326 5105 1974 5186; baseline -0.013 -7"><span class='ocrx_word' id='word_1_437' title='bbox 326 5140 389 5179; x_wconf 83' lang='lat' dir='ltr'>nrm</span> <span class='ocrx_word' id='word_1_438' title='bbox 408 5118 595 5177; x_wconf 86' lang='lat' dir='ltr'>lectulisdum</span> <span class='ocrx_word' id='word_1_439' title='bbox 621 5116 719 5186; x_wconf 78' lang='lat' dir='ltr'>saepIus</span> <span class='ocrx_word' id='word_1_440' title='bbox 741 5112 915 5177; x_wconf 86' lang='lat' dir='ltr'>assedissem,</span> <span class='ocrx_word' id='word_1_441' title='bbox 931 5111 1052 5175; x_wconf 88' lang='lat' dir='ltr'>dolores,</span> <span class='ocrx_word' id='word_1_442' title='bbox 1073 5125 1122 5162; x_wconf 90' lang='lat' dir='ltr'>an·</span> <span class='ocrx_word' id='word_1_443' title='bbox 1174 5110 1435 5166; x_wconf 83' lang='lat' dir='ltr'>Belromotlrnnimnl</span> <span class='ocrx_word' id='word_1_444' title='bbox 1452 5107 1810 5179; x_wconf 72' lang='lat' dir='ltr'>interpretumqtntnluna</span> <span class='ocrx_word' id='word_1_445' title='bbox 1836 5105 1974 5160; x_wconf 75' lang='lat' dir='ltr'>devolvi·-</span> 
     </span>
    </p>
   </div>
   <div class='ocr_carea' id='block_1_7' title="bbox 326 5192 2058 5287">
    <p class='ocr_par' dir='ltr' id='par_1_7' title="bbox 326 5192 2058 5287">
     <span class='ocr_line' id='line_1_41' title="bbox 326 5192 2058 5287; baseline -0.014 -18"><span class='ocrx_word' id='word_1_446' title='bbox 326 5215 433 5287; x_wconf 75' lang='lat' dir='ltr'>gustras</span> <span class='ocrx_word' id='word_1_447' title='bbox 444 5209 828 5281; x_wconf 85' lang='lat' dir='ltr'>sudoresquetllorumamare</span> <span class='ocrx_word' id='word_1_448' title='bbox 839 5205 911 5262; x_wconf 85' lang='lat' dir='ltr'>tlolm</span> <span class='ocrx_word' id='word_1_449' title='bbox 925 5204 1069 5259; x_wconf 86' lang='lat' dir='ltr'>trrlnrlatus</span> <span class='ocrx_word' id='word_1_450' title='bbox 1081 5218 1121 5258; x_wconf 87' lang='lat' dir='ltr'>sa</span> <span class='ocrx_word' id='word_1_451' title='bbox 1178 5208 1233 5265; x_wconf 90' lang='lat' dir='ltr'>tur,</span> <span class='ocrx_word' id='word_1_452' title='bbox 1257 5201 1283 5253; x_wconf 93' lang='lat' dir='ltr'>in</span> <span class='ocrx_word' id='word_1_453' title='bbox 1310 5201 1404 5268; x_wconf 82' lang='lat' dir='ltr'>reptile</span> <span class='ocrx_word' id='word_1_454' title='bbox 1426 5199 1566 5254; x_wconf 75' lang='lat' dir='ltr'>alescemlit</span> <span class='ocrx_word' id='word_1_455' title='bbox 1590 5195 1761 5259; x_wconf 90' lang='lat' dir='ltr'>irrationale,</span> <span class='ocrx_word' id='word_1_456' title='bbox 1784 5194 1892 5250; x_wconf 78' lang='lat' dir='ltr'>obsitlel</span> <span class='ocrx_word' id='word_1_457' title='bbox 1913 5206 1986 5264; x_wconf 68' lang='lat' dir='ltr'>cor¹</span> <span class='ocrx_word' id='word_1_458' title='bbox 2015 5253 2017 5255; x_wconf 48' lang='grc'><strong>,</strong></span> <span class='ocrx_word' id='word_1_459' title='bbox 2049 5192 2058 5209; x_wconf 76' lang='grc'><em>”</em></span> 
     </span>
    </p>
   </div>
   <div class='ocr_carea' id='block_1_8' title="bbox 327 5284 2046 6018">
    <p class='ocr_par' dir='ltr' id='par_1_8' title="bbox 327 5284 2046 6018">
     <span class='ocr_line' id='line_1_42' title="bbox 327 5284 1989 5375; baseline -0.015 -13"><span class='ocrx_word' id='word_1_460' title='bbox 327 5310 375 5372; x_wconf 81' lang='lat' dir='ltr'>tis,</span> <span class='ocrx_word' id='word_1_461' title='bbox 390 5314 487 5375; x_wconf 87' lang='lat' dir='ltr'>utpote</span> <span class='ocrx_word' id='word_1_462' title='bbox 503 5303 649 5359; x_wconf 80' lang='lat' dir='ltr'>moraturus</span> <span class='ocrx_word' id='word_1_463' title='bbox 661 5299 795 5356; x_wconf 89' lang='lat' dir='ltr'>etsrmrlra</span> <span class='ocrx_word' id='word_1_464' title='bbox 812 5298 1005 5353; x_wconf 83' lang='lat' dir='ltr'>relormulans</span> <span class='ocrx_word' id='word_1_465' title='bbox 1018 5296 1119 5367; x_wconf 82' lang='lat' dir='ltr'>Atque,</span> <span class='ocrx_word' id='word_1_466' title='bbox 1173 5291 1347 5360; x_wconf 79' lang='lat' dir='ltr'>lrngnrmque</span> <span class='ocrx_word' id='word_1_467' title='bbox 1362 5290 1496 5359; x_wconf 74' lang='lat' dir='ltr'>serpentis</span> <span class='ocrx_word' id='word_1_468' title='bbox 1507 5284 1755 5354; x_wconf 78' lang='lat' dir='ltr'>ettravagabumlr</span> <span class='ocrx_word' id='word_1_469' title='bbox 1773 5297 1852 5350; x_wconf 87' lang='lat' dir='ltr'>emus</span> <span class='ocrx_word' id='word_1_470' title='bbox 1867 5296 1917 5351; x_wconf 87' lang='lat' dir='ltr'>per</span> <span class='ocrx_word' id='word_1_471' title='bbox 1929 5284 1989 5338; x_wconf 89' lang='lat' dir='ltr'>os‘</span> 
     </span>
     <span class='ocr_line' id='line_1_43' title="bbox 327 5370 1999 5457; baseline -0.017 -2"><span class='ocrx_word' id='word_1_472' title='bbox 327 5409 359 5455; x_wconf 90' lang='lat' dir='ltr'>ut</span> <span class='ocrx_word' id='word_1_473' title='bbox 372 5408 480 5453; x_wconf 85' lang='lat' dir='ltr'>taceam</span> <span class='ocrx_word' id='word_1_474' title='bbox 494 5395 527 5450; x_wconf 87' lang='lat' dir='ltr'>tio</span> <span class='ocrx_word' id='word_1_475' title='bbox 540 5392 643 5457; x_wconf 88' lang='lat' dir='ltr'>multra</span> <span class='ocrx_word' id='word_1_476' title='bbox 655 5405 738 5446; x_wconf 91' lang='lat' dir='ltr'>unum</span> <span class='ocrx_word' id='word_1_477' title='bbox 752 5389 805 5443; x_wconf 83' lang='lat' dir='ltr'>ritli</span> <span class='ocrx_word' id='word_1_478' title='bbox 826 5402 842 5441; x_wconf 91' lang='lat' dir='ltr'>e</span> <span class='ocrx_word' id='word_1_479' title='bbox 861 5386 994 5443; x_wconf 79' lang='lat' dir='ltr'>tratribus</span> <span class='ocrx_word' id='word_1_480' title='bbox 1019 5385 1121 5441; x_wconf 91' lang='lat' dir='ltr'>nostris</span> <span class='ocrx_word' id='word_1_481' title='bbox 1173 5382 1266 5449; x_wconf 88' lang='lat' dir='ltr'>utique</span> <span class='ocrx_word' id='word_1_482' title='bbox 1290 5388 1363 5435; x_wconf 83' lang='lat' dir='ltr'>totns</span> <span class='ocrx_word' id='word_1_483' title='bbox 1384 5379 1439 5448; x_wconf 87' lang='lat' dir='ltr'>jam</span> <span class='ocrx_word' id='word_1_484' title='bbox 1463 5375 1657 5432; x_wconf 85' lang='lat' dir='ltr'>irrationabilis</span> <span class='ocrx_word' id='word_1_485' title='bbox 1678 5372 1712 5427; x_wconf 86' lang='lat' dir='ltr'>ati</span> <span class='ocrx_word' id='word_1_486' title='bbox 1738 5370 1880 5427; x_wconf 89' lang='lat' dir='ltr'>mulierem</span> <span class='ocrx_word' id='word_1_487' title='bbox 1903 5374 1962 5428; x_wconf 77' lang='lat' dir='ltr'>llaec</span> <span class='ocrx_word' id='word_1_488' title='bbox 1995 5373 1999 5392; x_wconf 94' lang='lat'>&#39;</span> 
     </span>
     <span class='ocr_line' id='line_1_44' title="bbox 329 5463 1959 5555; baseline -0.016 -13"><span class='ocrx_word' id='word_1_489' title='bbox 329 5503 380 5555; x_wconf 89' lang='lat' dir='ltr'>per</span> <span class='ocrx_word' id='word_1_490' title='bbox 405 5485 586 5555; x_wconf 73' lang='lat' dir='ltr'>quadraginta</span> <span class='ocrx_word' id='word_1_491' title='bbox 610 5481 803 5553; x_wconf 87' lang='lat' dir='ltr'>propemodum</span> <span class='ocrx_word' id='word_1_492' title='bbox 831 5478 889 5535; x_wconf 85' lang='lat' dir='ltr'>dies</span> <span class='ocrx_word' id='word_1_493' title='bbox 915 5480 952 5534; x_wconf 86' lang='lat' dir='ltr'>lta</span> <span class='ocrx_word' id='word_1_494' title='bbox 977 5477 1121 5535; x_wconf 66' lang='lat' dir='ltr'>doloribus</span> <span class='ocrx_word' id='word_1_495' title='bbox 1166 5481 1301 5551; x_wconf 88' lang='lat' dir='ltr'>tanquam</span> <span class='ocrx_word' id='word_1_496' title='bbox 1325 5470 1438 5524; x_wconf 86' lang='lat' dir='ltr'>rationis</span> <span class='ocrx_word' id='word_1_497' title='bbox 1461 5468 1542 5523; x_wconf 83' lang='lat' dir='ltr'>uerba</span> <span class='ocrx_word' id='word_1_498' title='bbox 1562 5465 1710 5534; x_wconf 89' lang='lat' dir='ltr'>eloquitur,</span> <span class='ocrx_word' id='word_1_499' title='bbox 1725 5463 1780 5519; x_wconf 89' lang='lat' dir='ltr'>imo</span> <span class='ocrx_word' id='word_1_500' title='bbox 1811 5464 1959 5520; x_wconf 82' lang='lat' dir='ltr'>exsibilat:</span> 
     </span>
     <span class='ocr_line' id='line_1_45' title="bbox 330 5555 1961 5649; baseline -0.017 -15"><span class='ocrx_word' id='word_1_501' title='bbox 330 5586 552 5649; x_wconf 76' lang='lat' dir='ltr'>coangustatum,</span> <span class='ocrx_word' id='word_1_502' title='bbox 565 5584 701 5645; x_wconf 84' lang='lat' dir='ltr'>quatenus</span> <span class='ocrx_word' id='word_1_503' title='bbox 715 5571 851 5628; x_wconf 81' lang='lat' dir='ltr'>alimoniae</span> <span class='ocrx_word' id='word_1_504' title='bbox 871 5571 939 5627; x_wconf 85' lang='lat' dir='ltr'>utntl</span> <span class='ocrx_word' id='word_1_505' title='bbox 966 5572 1117 5640; x_wconf 86' lang='lat' dir='ltr'>acciperet,</span> <span class='ocrx_word' id='word_1_506' title='bbox 1174 5562 1229 5616; x_wconf 78' lang='lat' dir='ltr'>Cur</span> <span class='ocrx_word' id='word_1_507' title='bbox 1240 5562 1362 5629; x_wconf 73' lang='lat' dir='ltr'>pracepit</span> <span class='ocrx_word' id='word_1_508' title='bbox 1383 5559 1454 5613; x_wconf 79' lang='lat' dir='ltr'>nolis</span> <span class='ocrx_word' id='word_1_509' title='bbox 1468 5558 1546 5621; x_wconf 84' lang='lat' dir='ltr'>Dens,</span> <span class='ocrx_word' id='word_1_510' title='bbox 1565 5573 1596 5611; x_wconf 84' lang='lat' dir='ltr'>ne</span> <span class='ocrx_word' id='word_1_511' title='bbox 1609 5556 1641 5610; x_wconf 83' lang='lat' dir='ltr'>tle</span> <span class='ocrx_word' id='word_1_512' title='bbox 1663 5555 1733 5616; x_wconf 72' lang='lat' dir='ltr'>eterni</span> <span class='ocrx_word' id='word_1_513' title='bbox 1749 5555 1821 5626; x_wconf 76' lang='lat' dir='ltr'>liquo</span> <span class='ocrx_word' id='word_1_514' title='bbox 1840 5555 1961 5622; x_wconf 78' lang='lat' dir='ltr'>paradisi</span> 
     </span>
     <span class='ocr_line' id='line_1_46' title="bbox 331 5648 1961 5738; baseline -0.017 -13"><span class='ocrx_word' id='word_1_515' title='bbox 331 5671 385 5725; x_wconf 87' lang='lat' dir='ltr'>nisi</span> <span class='ocrx_word' id='word_1_516' title='bbox 402 5667 647 5738; x_wconf 85' lang='lat' dir='ltr'>quodaquamsilti</span> <span class='ocrx_word' id='word_1_517' title='bbox 660 5666 786 5737; x_wconf 82' lang='lat' dir='ltr'>poscebat</span> <span class='ocrx_word' id='word_1_518' title='bbox 801 5664 935 5720; x_wconf 86' lang='lat' dir='ltr'>interdum</span> <span class='ocrx_word' id='word_1_519' title='bbox 958 5664 1016 5720; x_wconf 78' lang='lat' dir='ltr'>clari</span> <span class='ocrx_word' id='word_1_520' title='bbox 1041 5663 1120 5733; x_wconf 77' lang='lat' dir='ltr'>siquo</span> <span class='ocrx_word' id='word_1_521' title='bbox 1176 5654 1372 5711; x_wconf 80' lang='lat' dir='ltr'>comederetis!</span> <span class='ocrx_word' id='word_1_522' title='bbox 1395 5651 1473 5723; x_wconf 85' lang='lat' dir='ltr'>(Gen.</span> <span class='ocrx_word' id='word_1_523' title='bbox 1493 5649 1545 5717; x_wconf 73' lang='grc' dir='ltr'><strong>ιιι.)</strong></span> <span class='ocrx_word' id='word_1_524' title='bbox 1561 5648 1701 5716; x_wconf 80' lang='lat' dir='ltr'>Quomodo</span> <span class='ocrx_word' id='word_1_525' title='bbox 1727 5648 1874 5703; x_wconf 79' lang='lat' dir='ltr'>mentitur?</span> <span class='ocrx_word' id='word_1_526' title='bbox 1895 5661 1961 5715; x_wconf 89' lang='lat' dir='ltr'>qno-</span> 
     </span>
     <span class='ocr_line' id='line_1_47' title="bbox 331 5738 1962 5834; baseline -0.016 -18"><span class='ocrx_word' id='word_1_527' title='bbox 331 5764 521 5834; x_wconf 82' lang='lat' dir='ltr'>potiusquam</span> <span class='ocrx_word' id='word_1_528' title='bbox 540 5775 615 5816; x_wconf 83' lang='lat' dir='ltr'>voce.</span> <span class='ocrx_word' id='word_1_529' title='bbox 641 5760 673 5815; x_wconf 87' lang='lat' dir='ltr'>Et</span> <span class='ocrx_word' id='word_1_530' title='bbox 696 5759 804 5828; x_wconf 81' lang='lat' dir='ltr'>quidem</span> <span class='ocrx_word' id='word_1_531' title='bbox 829 5757 883 5812; x_wconf 89' lang='lat' dir='ltr'>tale</span> <span class='ocrx_word' id='word_1_532' title='bbox 908 5756 987 5812; x_wconf 87' lang='lat' dir='ltr'>nobis</span> <span class='ocrx_word' id='word_1_533' title='bbox 1011 5756 1121 5826; x_wconf 87' lang='lat' dir='ltr'>epulum</span> <span class='ocrx_word' id='word_1_534' title='bbox 1176 5748 1255 5803; x_wconf 85' lang='lat' dir='ltr'>motio</span> <span class='ocrx_word' id='word_1_535' title='bbox 1282 5746 1366 5802; x_wconf 78' lang='lat' dir='ltr'>uerita</span> <span class='ocrx_word' id='word_1_536' title='bbox 1388 5745 1442 5815; x_wconf 79' lang='lat' dir='ltr'>lici</span> <span class='ocrx_word' id='word_1_537' title='bbox 1461 5740 1616 5799; x_wconf 80' lang='lat' dir='ltr'>‹lissirnolat</span> <span class='ocrx_word' id='word_1_538' title='bbox 1636 5752 1664 5796; x_wconf 91' lang='lat' dir='ltr'>ct</span> <span class='ocrx_word' id='word_1_539' title='bbox 1685 5741 1840 5811; x_wconf 87' lang='lat' dir='ltr'>supplantat</span> <span class='ocrx_word' id='word_1_540' title='bbox 1863 5738 1962 5793; x_wconf 83' lang='lat' dir='ltr'>nebrrln</span> 
     </span>
     <span class='ocr_line' id='line_1_48' title="bbox 333 5830 2046 5923; baseline -0.016 -17"><span class='ocrx_word' id='word_1_541' title='bbox 333 5853 453 5923; x_wconf 78' lang='lat' dir='ltr'>parat-it,</span> <span class='ocrx_word' id='word_1_542' title='bbox 473 5850 526 5906; x_wconf 86' lang='lat' dir='ltr'>tale</span> <span class='ocrx_word' id='word_1_543' title='bbox 550 5851 629 5906; x_wconf 81' lang='lat' dir='ltr'>nobis</span> <span class='ocrx_word' id='word_1_544' title='bbox 647 5851 811 5907; x_wconf 82' lang='lat' dir='ltr'>altsintlrium</span> <span class='ocrx_word' id='word_1_545' title='bbox 831 5848 887 5904; x_wconf 83' lang='lat' dir='ltr'>Eva</span> <span class='ocrx_word' id='word_1_546' title='bbox 908 5844 1026 5912; x_wconf 86' lang='lat' dir='ltr'>miscuit,</span> <span class='ocrx_word' id='word_1_547' title='bbox 1056 5846 1121 5901; x_wconf 76' lang='lat' dir='ltr'>duan</span> <span class='ocrx_word' id='word_1_548' title='bbox 1162 5840 1329 5911; x_wconf 76' lang='lat' dir='ltr'>captiosus,</span> <span class='ocrx_word' id='word_1_549' title='bbox 1348 5838 1381 5892; x_wconf 85' lang='lat' dir='ltr'>tle</span> <span class='ocrx_word' id='word_1_550' title='bbox 1408 5851 1462 5907; x_wconf 91' lang='lat' dir='ltr'>qno</span> <span class='ocrx_word' id='word_1_551' title='bbox 1491 5833 1625 5890; x_wconf 83' lang='lat' dir='ltr'>ueraciter</span> <span class='ocrx_word' id='word_1_552' title='bbox 1643 5832 1754 5889; x_wconf 89' lang='lat' dir='ltr'>ornnino</span> <span class='ocrx_word' id='word_1_553' title='bbox 1774 5830 1878 5885; x_wconf 81' lang='lat' dir='ltr'>dicturo</span> <span class='ocrx_word' id='word_1_554' title='bbox 1905 5838 1960 5893; x_wconf 83' lang='lat' dir='ltr'>cst,</span> <span class='ocrx_word' id='word_1_555' title='bbox 2041 5844 2046 5851; x_wconf 97' lang='lat'>·</span> 
     </span>
     <span class='ocr_line' id='line_1_49' title="bbox 332 5923 1961 6018; baseline -0.018 -14"><span class='ocrx_word' id='word_1_556' title='bbox 332 5947 449 6018; x_wconf 76' lang='lat' dir='ltr'>pctlibm</span> <span class='ocrx_word' id='word_1_557' title='bbox 464 5960 531 6016; x_wconf 80' lang='lat' dir='ltr'>eaqa</span> <span class='ocrx_word' id='word_1_558' title='bbox 549 5953 575 5998; x_wconf 86' lang='lat' dir='ltr'>et</span> <span class='ocrx_word' id='word_1_559' title='bbox 590 5938 688 6010; x_wconf 85' lang='lat' dir='ltr'>oculis,</span> <span class='ocrx_word' id='word_1_560' title='bbox 702 5959 749 6013; x_wconf 90' lang='lat' dir='ltr'>pcr</span> <span class='ocrx_word' id='word_1_561' title='bbox 775 5943 848 6001; x_wconf 89' lang='lat' dir='ltr'>illum</span> <span class='ocrx_word' id='word_1_562' title='bbox 867 5939 1013 6011; x_wconf 79' lang='lat' dir='ltr'>uoluptatis</span> <span class='ocrx_word' id='word_1_563' title='bbox 1040 5939 1123 5996; x_wconf 86' lang='lat' dir='ltr'>liceu—</span> <span class='ocrx_word' id='word_1_564' title='bbox 1177 5935 1249 6006; x_wconf 82' lang='lat' dir='ltr'>quod</span> <span class='ocrx_word' id='word_1_565' title='bbox 1262 5931 1343 5988; x_wconf 83' lang='lat' dir='ltr'>luerit</span> <span class='ocrx_word' id='word_1_566' title='bbox 1356 5930 1487 5992; x_wconf 73' lang='lat' dir='ltr'>louticiae</span> <span class='ocrx_word' id='word_1_567' title='bbox 1499 5930 1531 5984; x_wconf 85' lang='lat' dir='ltr'>al</span> <span class='ocrx_word' id='word_1_568' title='bbox 1543 5928 1631 5993; x_wconf 86' lang='lat' dir='ltr'>initio,</span> <span class='ocrx_word' id='word_1_569' title='bbox 1644 5935 1667 5985; x_wconf 78' lang='lat' dir='ltr'>et</span> <span class='ocrx_word' id='word_1_570' title='bbox 1679 5925 1705 5979; x_wconf 87' lang='lat' dir='ltr'>in</span> <span class='ocrx_word' id='word_1_571' title='bbox 1721 5923 1827 5983; x_wconf 77' lang='lat' dir='ltr'>ueritate</span> <span class='ocrx_word' id='word_1_572' title='bbox 1843 5938 1894 5983; x_wconf 83' lang='grc' dir='ltr'><strong>ιιοιι</strong></span> <span class='ocrx_word' id='word_1_573' title='bbox 1909 5933 1961 5979; x_wconf 84' lang='grc' dir='ltr'><strong>ιιι·</strong></span> 
     </span>
    </p>
   </div>
   <div class='ocr_carea' id='block_1_9' title="bbox 0 0 2308 6756">
    <p class='ocr_par' dir='ltr' id='par_1_9' title="bbox 0 0 2308 6756">
     <span class='ocr_line' id='line_1_50' title="bbox 0 0 2308 6756; baseline 0 0"><span class='ocrx_word' id='word_1_574' title='bbox 0 0 2308 6756; x_wconf 95' lang='lat' dir='ltr'> </span> 
     </span>
    </p>
   </div>
  </div>
 </body>
</html>
