4584 6767
338 556 391 613 ffb
900 556 1083 613 libanicis.
1105 555 1138 612 ii.
1162 555 1192 611 Ε.
1215 507 1425 611 cudofridus
1921 557 1979 615 Μ

339 670 407 728 rius
422 670 574 740 triuntpnos
598 671 727 743 legitinne
754 674 966 728 concertationis
988 674 1130 737 carteritus,
1147 679 1169 735 at
1185 673 1304 737 mittere,
1319 681 1431 727 orantes
1447 668 1595 739 impensius
1609 677 1638 723 et
1655 664 1806 722 cluutiutes
1822 667 1857 723 ad
1885 672 1982 727 barrit*

338 749 659 833 praeteritaeuperatiuuis
677 761 872 819 hebdomadam
899 762 1019 818 Sabbata
1034 763 1131 833 quant
1184 777 1259 828 aarum,
1276 772 1306 816 ιιι
1318 776 1368 831 pro
1383 761 1588 817 decoredumus
1598 774 1745 831 suaequam
1759 760 1937 831 amplillcatis
1949 764 1978 821 iu

338 852 515 922 requietionis
524 845 697 917 concludere,
708 861 733 909 ct
743 837 931 923 spiritualibus
943 855 1050 909 tandem
1066 855 1130 909 otiis
1183 853 1273 917 terris,
1288 854 1413 908 restituat
1428 853 1486 922 ipse
1504 852 1581 908 vobis
1593 851 1702 908 domum
1717 867 1772 908 nou
1789 852 1980 912 manufactam

339 943 467 998 dedicare
482 944 508 998 id
524 944 596 1013 qnod
616 953 660 999 cst
671 944 805 1014 reliquunt
819 946 880 999 vitae
896 960 962 1000 suae.
978 944 1060 1000 Facta
1078 946 1130 1015 igi·
1181 950 1311 998 ostentam
1329 943 1356 997 in
1371 942 1460 999 omlis.

339 1043 383 1087 tur
397 1033 519 1088 cessione
543 1024 675 1103 potatiieii
689 1034 759 1103 qnol
779 1033 902 1099 gerebat,
924 1050 958 1089 ne
973 1044 1080 1104 gentetn
1099 1035 1126 1090 iu

264 1173 270 1184 .
343 1140 397 1195 qua
410 1123 542 1179 hactenus
553 1122 723 1178 laboraverat
732 1124 1128 1193 absquecortsolationedimit·

271 1229 274 1236 ¹
339 1225 388 1280 tat,
402 1216 490 1270 virum
501 1214 694 1277 venerabilem,
704 1214 806 1269 scilicet
817 1213 929 1269 latorem
944 1213 1128 1283 praesentium,

337 1309 456 1365 ordinari
471 1308 522 1363 sibi
536 1306 672 1368 desiderat
692 1321 889 1372 successorem,
916 1305 1056 1361 celebrata
1071 1306 1128 1360 ele·

337 1400 426 1453 ctione
434 1397 460 1451 in
475 1396 562 1466 ipsum
577 1395 676 1451 acleru
685 1405 712 1451 et
721 1396 818 1465 populo
829 1405 856 1449 et
868 1394 1039 1465 magnatibus
1050 1404 1128 1450 terras

336 1492 406 1560 ejrts.
424 1488 501 1545 Unde
527 1504 576 1544 nos
604 1488 667 1543 licet
697 1481 810 1543 talesia
835 1486 1128 1543 observantiisordinis

299 1559 303 1572 ’
337 1580 484 1649 adjutores.
500 1594 672 1650 nequaqnam
690 1578 717 1633 iu
733 1577 926 1633 ecclesiasticis
943 1576 1128 1639 functionibus

337 1675 397 1763 itteri
408 1674 551 1744 cupiamus
566 1670 721 1735 antistites;
737 1666 898 1722 adducimur
924 1676 1014 1722 tamen
1025 1681 1122 1737 assen-

336 1782 395 1822 sum
409 1774 533 1821 nostrum
548 1763 672 1833 praesenti
688 1760 796 1832 negotio
808 1772 861 1812 trun
876 1752 983 1827 ricgare,
1000 1758 1127 1812 timentes

336 1859 430 1926 artique
446 1856 484 1912 illi
501 1856 624 1909 barbarae
635 1853 751 1916 nationi,
769 1866 802 1906 uc
815 1848 893 1903 facile
904 1848 931 1903 iu
943 1848 984 1903 eis
994 1848 1127 1904 naturalis

336 1947 432 2001 feritas'
449 1946 635 2007 recrudescat,
647 1944 671 1998 si
682 1943 710 2000 in
724 1942 866 2011 tepidioris
879 1940 1022 2012 segnitiem
1044 1939 1123 1994 disci·

306 2012 317 2030 ‘
335 2035 439 2105 plinaea
454 2031 637 2102 spiritualium
652 2031 772 2085 virorum
785 2029 892 2085 fervore
907 2028 1045 2101 refrigeat.
1056 2028 1128 2096 Qua-

337 2136 447 2196 llf⁰l¹⁰f
460 2142 483 2180 ⁸¹
500 2135 536 2178 ¹¹²
550 2125 656 2179 ''iffi''
670 2130 698 2176 ⁰²
711 2124 799 2189 ΜΕ·
824 2136 952 2191 mimus
966 2130 996 2176 ¹¹¹
1008 2131 1128 2229 musei
1183 2168 1252 2223 rniro
1266 2170 1382 2237 quodam
1400 2170 1505 2240 irriguo
1518 2172 1652 2228 uberioris
1670 2172 1871 2230 benedictionis
1886 2175 1971 2245 largi·

334 2217 476 2273 desideriis
485 2217 606 2288 predicti
622 2218 759 2287 pontilicis
772 2228 827 2272 tam
842 2216 869 2272 iu
886 2216 1056 2273 absolutione
1068 2231 1129 2287 epus

247 2373 253 2378 ,
334 2328 416 2382 qnam
444 2313 471 2366 iu
499 2311 672 2368 ordinatione
698 2313 776 2368 istius
802 2311 950 2368 efficaciter
985 2316 1125 2369 namnetis.

334 2404 473 2474 Quidquid
487 2413 578 2459 autem
595 2407 729 2473 agendum
753 2403 845 2465 fuerit,-
861 2404 959 2460 scitote
972 2407 1045 2475 quod
1059 2406 1084 2461 ei
1099 2415 1127 2461 ct

335 2498 439 2552 ciarum
457 2497 599 2567 prolixitas
619 2508 646 2553 et
672 2498 791 2555 brevitas
816 2513 998 2571 expensarum
1031 2513 1127 2555 moras

335 2588 441 2644 iubibet
455 2588 602 2660 longiores.

719 2682 753 2738 V.

333 2797 375 2850 Ad
392 2814 477 2868 regem
492 2796 648 2868 duplorum.
664 2831 699 2841 -
712 2796 825 2853 Extollit
842 2811 928 2867 regerat
943 2796 1045 2865 duplic
1070 2807 1126 2853 tum

368 2867 400 2920 ol
416 2868 482 2933 aliu,
508 2879 564 2921 tum
589 2870 658 2937 qnod
681 2870 787 2939 plumbo
812 2876 941 2920 statuerat
962 2859 1126 2921 Cluruutdlia

367 2937 504 2991 ecclesium
518 2939 630 3003 operire,
639 2954 746 3009 euntque
759 2939 790 2992 ult
805 2953 913 2991 causum
927 2936 1008 2991 mittit
1017 2937 1040 2991 ci
1052 2952 1125 2990 uters-

368 3024 458 3061 aurunt
477 3007 595 3076 ejusdem
611 3009 739 3062 ecclcsiae.

368 3116 447 3172 note
463 3131 515 3186 qna
531 3116 607 3171 vobis
620 3117 673 3173 lieo
687 3116 840 3186 inspirante
854 3115 1031 3184 complacuit,
1048 3127 1078 3172 ut
1091 3116 1125 3171 ad

332 3207 547 3277 redemptionem
560 3206 753 3278 familiaritatis
767 3217 867 3263 nostre
880 3208 957 3264 sinus
971 3223 1032 3264 sese
1043 3209 1125 3277 regia·

333 3297 500 3369 dignationis
514 3298 691 3367 expanderet,
713 3307 741 3353 et
759 3313 828 3369 apex
844 3300 912 3353 tanti
930 3298 1055 3355 culminis
1083 3299 1159 3381 itt-C

333 3391 570 3461 clittaret,jugisct
582 3391 774 3461 ininterpolata
786 3394 917 3449 memoria
934 3393 1016 3447 vestri
1031 3392 1123 3447 sedem

334 3484 419 3538 nostri
431 3483 551 3552 pectoris
563 3482 720 3550 occuparit,
733 3497 793 3552 qnae
817 3498 867 3537 uos
887 3498 940 3537 non
961 3484 1063 3552 patitur
1082 3482 1123 3537 rel

308 3638 317 3655 ἱ
334 3574 361 3628 in
378 3588 472 3628 artiore
487 3582 578 3628 restro
595 3582 742 3643 tepescere,
753 3574 821 3629 vela
834 3573 927 3644 gloriae
944 3583 1039 3629 vestre
1052 3589 1123 3643 prae-

333 3666 470 3722 dicatione
491 3681 609 3722 cessare.
639 3664 729 3722 Testis
756 3676 798 3723 cst
824 3675 898 3722 terta
917 3664 1070 3732 Vaseoniae,
1094 3676 1123 3720 et
1174 3713 1180 3726 ‚
1396 3717 1402 3730 ,
1546 3732 1548 3736 Ι
1928 3721 1934 3732 ‚

1171 3725 1262 3782 gustus
1276 3716 1312 3771 ab
1328 3730 1403 3772 amnt
1428 3733 1541 3774 munere
1560 3718 1660 3775 terreni
1682 3727 1801 3788 quaestus
1826 3730 1965 3799 excussat,

333 3756 431 3812 nobilis
447 3757 512 3811 urbs
533 3754 644 3820 Tolosa,
662 3770 744 3827 quam
770 3771 804 3811 ex
827 3756 1009 3823 dispositione
1035 3771 1123 3826 nuper

332 3857 429 3902 uestrae
452 3845 683 3917 tanagnanimitatis
707 3845 852 3909 adivimus,
883 3846 1002 3916 qualiter
1024 3859 1123 3917 perus

282 3941 288 3952 “
332 3945 455 3995 nostrum
472 3938 497 3993 in
512 3938 795 4007 omniopportunitate
810 3936 937 4006 colloquia
954 3946 1008 3993 tam
1023 3937 1122 4007 publici

332 4046 413 4099 qnam
429 4030 538 4099 privati,
553 4028 793 4100 magnificavimus
806 4036 902 4082 vestrae
918 4025 1067 4095 majestatis
1082 4028 1123 4081 in·

332 4121 494 4188 stittnit,‚et
518 4120 588 4176 iuter
616 4134 752 4190 oppansas
774 4120 974 4189 quodammodo
1001 4132 1122 4174 erroncae

333 4217 419 4270 turbae
436 4214 564 4287 caligines
572 4213 699 4284 splendor
714 4221 812 4267 vestrae
825 4221 878 4265 tarra
891 4211 952 4266 fidei
969 4226 1051 4282 quom
1067 4208 1123 4279 pie·

333 4308 397 4362 tatis
411 4305 522 4362 effulsit.
540 4306 643 4362 Dcittdc
658 4322 719 4361 cnm
733 4305 788 4376 jam
815 4304 994 4359 rediissemus
1009 4305 1122 4374 adpro·

276 4385 278 4389 ’
333 4401 407 4471 pria,
425 4400 545 4471 ejrtsdetn
566 4408 664 4454 vestras
683 4398 792 4468 pietatis
818 4398 934 4465 gratiam
964 4396 1122 4453 domesticas

332 4492 435 4547 nostris
449 4491 534 4547 relatu
547 4490 674 4545 familiari
688 4490 919 4560 deprotnpsinrus;
931 4487 1121 4553 et,abbatibus

331 4599 347 4637 e
361 4582 476 4637 diuersis
489 4580 582 4635 nnundi
594 4579 718 4649 partibus
737 4580 919 4649 congregatis,
934 4591 996 4632 cunt
1005 4577 1120 4633 solemni

332 4671 449 4742 quandam
463 4682 491 4725 ct
503 4671 598 4726 festiva
614 4670 707 4725 laetitia
723 4670 823 4739 regalis
844 4669 1032 4726 beneficentiae
1051 4687 1120 4725 uun·
1137 4674 1159 4727 l)

332 4762 460 4817 tianintus
474 4762 635 4834 largitatem.
665 4760 738 4815 lnter
758 4770 857 4815 caetera
883 4775 968 4827 sane,
1000 4771 1060 4830 qnae
1087 4763 1120 4816 de

332 4852 579 4923 amplificationem
590 4854 710 4909 custodia
728 4854 831 4909 ordinis
844 4855 974 4910 servastis
989 4854 1121 4910 ltactenus

331 4955 359 5003 ct
372 4946 497 5012 servatis,
510 4959 582 5000 curae
595 4945 671 5000 vobis
688 4946 748 5011 fnit,
761 4962 814 5001 non
826 4945 914 5003 solum
930 4946 1061 5010 exhibita,
1073 4948 1120 5002 sed

331 5046 359 5092 et
377 5021 510 5108 promissa
532 5034 648 5101 referre,
663 5047 692 5091 ut
707 5036 812 5107 gratius
828 5046 937 5106 accepta
954 5037 1119 5101 recolerent,

331 5148 394 5187 curn
409 5131 514 5200 potiora
534 5130 560 5185 iu
577 5128 709 5195 reliqnnm
733 5145 769 5188 ex
792 5130 909 5200 gratuita
926 5128 1122 5198 pollicitatione

331 5232 484 5297 sperarent.
514 5221 679 5293 Specialiter
705 5220 770 5276 illud
790 5220 990 5290 amplissimum
1020 5220 1120 5275 tionum

288 5335 294 5344 ¹
331 5317 470 5388 praeconio
481 5314 675 5372 excellentiore
689 5297 875 5385 protulimus,
886 5315 956 5385 quand
969 5313 1121 5368 Claraevalli

333 5414 435 5461 nostrae
450 5408 476 5459 in
491 5408 594 5462 uostris
607 5406 734 5461 ntanibus
757 5404 931 5477 promisistis,
954 5413 983 5460 ut
1000 5405 1124 5460 videlicet

335 5496 437 5565 qunrrrbi
449 5494 549 5549 lauriana
561 5498 587 5550 in
598 5499 796 5567 operitnentnm
808 5487 921 5551 oratorii
936 5496 1021 5551 nostri
1034 5506 1123 5552 uestro

335 5599 449 5639 mamere
475 5584 640 5645 contributa,
668 5586 788 5651 devotio,
805 5602 865 5657 qnae
880 5586 958 5642 uubis
971 5586 997 5641 in
1014 5596 1123 5656 pectore

335 5676 439 5747 flagrat.
461 5675 539 5731 nubis
552 5690 633 5744 super
650 5684 721 5731 tecta
740 5678 922 5747 resplendeat.
953 5678 1015 5734 flacc
1042 5678 1124 5747 igitur

1552 1032 1594 1088 vi.

1180 1126 1221 1180 Ati
1236 1126 1363 1183 eumeleus.
1379 1156 1415 1166 —
1426 1127 1468 1180 ait
1478 1128 1512 1180 'iu
1536 1128 1621 1195 priuata
1645 1125 1784 1195 featlcifnlc
1796 1125 1827 1186 8.
1843 1127 1976 1197 Bernartia'

1215 1195 1290 1248 illius
1307 1197 1405 1262 fuctum
1417 1197 1590 1257 ntentorinm,
1614 1208 1638 1250 et
1652 1205 1802 1258 exoptatum
1814 1199 1897 1266 [uisae
1906 1217 1976 1272 proe·

1215 1267 1339 1325 sentiunt,
1349 1266 1482 1333 utittitque
1495 1266 1519 1319 ei
1527 1266 1637 1334 digitum
1651 1263 1682 1319 S.
1699 1265 1842 1322 Bernartii.

1215 1352 1374 1408 Celebratns
1386 1365 1428 1408 est
1441 1356 1510 1424 apud
1523 1369 1573 1409 nos
1587 1354 1646 1410 dies
1658 1355 1864 1413 ltonorabiliset
1873 1360 1976 1416 solent·

1182 1445 1234 1510 nis,
1251 1460 1320 1499 nova
1335 1446 1486 1501 festivitate
1494 1447 1644 1517 jttcutrdus,
1656 1458 1684 1503 et
1697 1448 1787 1518 ampla
1798 1449 1975 1518 iucunditate
1996 1466 2001 1474 ’

1180 1535 1306 1602 festinus,
1323 1545 1418 1602 utpote
1433 1552 1514 1606 quent
1529 1538 1607 1594 uobis
1633 1537 1763 1596 relevatio
1789 1522 1977 1602 sacratissimi

1179 1625 1302 1695 corporis
1319 1626 1390 1681 beati
1406 1626 1535 1683 bernardi
1555 1628 1763 1684 celeberrimum
1787 1632 1922 1700 reddidit,
1945 1645 1976 1691 et

1179 1714 1284 1771 lutariae
1298 1716 1416 1772 clariore
1428 1712 1558 1787 perfudit.
1575 1718 1690 1788 liquam
1707 1720 1842 1776 voluimus
1864 1725 1975 1794 gaudiis

1179 1804 1234 1859 illis
1258 1805 1318 1874 plns
1339 1808 1433 1878 utiquc
1447 1809 1605 1864 caelestibus
1621 1824 1702 1879 quant
1717 1811 1845 1878 terrenis,
1871 1824 1975 1870 vestrm

1178 1894 1330 1964 majestatis
1344 1897 1477 1954 interesse
1491 1899 1662 1969 presentiam
1676 1917 1684 1953 a
1701 1911 1838 1971 quatenus
1851 1912 1878 1959 et
1895 1904 1975 1961 nobis

1147 2003 1167 2057 g
1184 1985 1319 2055 deglutis
1332 1989 1473 2059 principali
1494 1990 1675 2046 decertantes
1702 1990 1859 2049 festivitatis
1876 2010 1973 2050 excre-

1179 2087 1280 2144 sceret,
1294 2086 1322 2132 et
1339 2079 1416 2149 uobis
1429 2081 1463 2135 de
1481 2080 1586 2137 meritis
1600 2081 1778 2137 illustrissimi
1802 2084 1973 2144 confessoris

1179 2268 1220 2313 tas
1234 2268 1383 2314 entanarct.
1395 2260 1507 2325 Verum,
1523 2262 1586 2333 quia
1599 2261 1625 2318 id
1646 2263 1726 2318 nobis
1737 2264 1826 2333 ampla
1840 2265 1971 2323 distantia

1179 2349 1369 2405 remotissimae
1383 2352 1503 2419 regionis
1532 2352 1638 2419 inuidit,
1658 2354 1692 2408 atl
1714 2355 1857 2424 spirituale
1875 2372 1970 2413 remr-

1178 2442 1253 2496 dinm
1270 2452 1332 2496 nota
1345 2443 1548 2510 transtulimus,
1569 2443 1751 2516 fecimusque,
1770 2447 1825 2503 lieo
1838 2450 1970 2524 propitio,

1177 2534 1249 2601 ‹qrtod
1264 2543 1354 2589 vestra
1370 2534 1407 2590 ibi
1425 2537 1476 2591 etsi
1488 2538 1632 2607 praesentia
1647 2538 1743 2603 defuit,
1759 2542 1892 2596 memoria
1913 2558 1968 2598 uon

1178 2625 1292 2677 cacavit.
1301 2623 1467 2681 Solenrniter
1480 2627 1580 2682 etenirn
1597 2642 1695 2683 nomeu
1707 2639 1899 2686 restrntncuot
1914 2647 1974 2688 strar

1177 2714 1286 2781 pietatis
1298 2714 1459 2791 insignibus,
1472 2727 1638 2785 vestrorunt,
1651 2728 1681 2774 ut
1695 2722 1826 2789 oportuit,
1841 2732 1870 2777 et
1887 2722 1972 2780 affee-

1177 2804 1313 2860 rtiouibus
1324 2806 1452 2871 fratrum,
1460 2815 1487 2862 et
1500 2808 1628 2864 cordibus
1641 2808 1829 2888 impressimus
1840 2813 1976 2878 luliornma,

1177 2894 1223 2962 qui
1236 2894 1325 2965 ampla
1339 2896 1406 2951 illud
1418 2894 1564 2953 devotione
1577 2908 1744 2968 susceptum,
1760 2889 1882 2972 aspectui
1895 2920 1966 2975 qca-

1176 2985 1320 3041 dammodo
1341 2988 1427 3042 sancti
1442 2987 1531 3043 Patris
1557 2987 1696 3056 offerrent,
1711 2998 1740 3045 et
1763 2993 1886 3049 cetastis
1900 2996 1972 3050 attiae

1176 3075 1326 3129 secretario
1336 3084 1544 3146 praesentarent.
1567 3075 1702 3155 Praeterea
1714 3093 1748 3134 ne
1763 3081 1895 3136 absentia
1907 3091 1970 3140 mr·

1177 3166 1278 3237 'roralis
1301 3170 1412 3223 occasio
1434 3170 1525 3238 regias
1542 3169 1690 3239 apotlteeas
1716 3170 1819 3225 inventi
1847 3174 1973 3227 rnuncris·

1176 3258 1383 3328 participatione
1397 3256 1548 3325 fraudaret,
1563 3260 1696 3315 mittimus
1707 3261 1825 3317 robisdc
1841 3263 1976 3318 tltesanro

1178 3350 1351 3416 reliquiarum
1367 3347 1428 3417 ejus
1442 3350 1628 3407 honorabilem
1641 3352 1793 3421 portionem
1805 3393 1813 3415 ,
1827 3354 1969 3424 indignum

1175 3440 1283 3509 penitus
1306 3448 1477 3511 reputantes,
1500 3442 1523 3497 si
1537 3443 1624 3512 pietas
1641 3444 1707 3498 tanti
1728 3443 1857 3513 principis
1882 3454 1972 3502 tautae

1175 3532 1328 3589 surretitatis
1352 3534 1499 3605 participio
1514 3534 1698 3591 frartdaretur.
1723 3536 1857 3608 suscipite
1879 3537 1966 3607 igitur

1174 3622 1289 3691 digitum
1305 3639 1391 3679 sacrae
1405 3625 1478 3681 illius
1494 3641 1606 3682 marrus:
1622 3642 1703 3698 quam
1719 3642 1768 3696 pro
1779 3641 1812 3683 eo
1830 3628 1903 3698 quod
1923 3629 1968 3682 vir

1176 3807 1246 3863 licus
1265 3821 1339 3873 eam,
1351 3817 1381 3862 ut
1392 3807 1503 3875 dignum
1515 3806 1577 3875 fuit,
1599 3807 1805 3865 affluentissima
1817 3812 1895 3882 eopia
1907 3825 1967 3867 coe-

1174 3897 1251 3952 lestis
1263 3898 1460 3968 benedictionis
1474 3897 1606 3968 implevit.
1622 3898 1707 3963 lilius,
1717 3900 1842 3968 inquam,
1858 3913 1965 3963 marrus,

1175 3988 1251 4067 cuins
1263 3996 1351 4045 taetus
1362 3988 1478 4045 sanabat
1488 4003 1589 4060 aegros,
1604 3988 1903 4056 roborabatiuvalidos,
1921 3989 1972 4046 fu·-

1175 4080 1265 4134 tnabat
1286 4081 1422 4145 bumines,
1438 4080 1574 4136 daemones
1589 4079 1737 4153 effugabat.
1759 4080 1834 4135 lllius
1858 4095 1965 4145 uranus,

1173 4185 1235 4240 qnae
1248 4169 1396 4225 flaraeralli
1417 4176 1526 4237 trostrae,
1542 4169 1585 4225 cui
1595 4184 1644 4226 ros
1657 4170 1722 4225 dare
1732 4179 1802 4225 tecta
1811 4170 1966 4240 disponitis,

1175 4262 1291 4330 prirutnn
1310 4261 1403 4330 injecit
1422 4261 1540 4333 lapidem
1567 4261 1762 4318 fundamentis.
1786 4261 1848 4315 Fuit
1871 4270 1964 4315 antean

1100 4397 1106 4407 .
1173 4353 1256 4406 studii
1272 4353 1357 4409 nostri
1372 4353 1517 4440 diligcugcr
1541 4355 1567 4408 in
1580 4353 1689 4408 vasculo
1712 4354 1874 4424 consignare
1892 4355 1965 4422 quod

1175 4445 1304 4511 ttrittitur,
1327 4446 1417 4502 nevel
1433 4446 1578 4500 [laesaurus
1599 4445 1635 4499 ibi
1662 4446 1816 4500 reconditus
1838 4460 1887 4515 pcc
1909 4444 1964 4498 fre-

1174 4549 1289 4607 quentes
1323 4539 1477 4607 apertiones
1511 4538 1616 4609 injuriae
1648 4547 1758 4607 pateat,
1791 4537 1968 4606 veldevutas

1175 4630 1359 4697 subreptionis
1385 4629 1515 4685 instinctu
1545 4629 1624 4684 dulus
1656 4629 1755 4698 aliquis
1783 4628 1835 4700 pta
1862 4627 1965 4681 fraudis

1173 4727 1285 4787 irrepat.

1547 4809 1601 4866 Vll.

1173 4901 1240 4968 Quoe
1251 4911 1290 4956 cat
1304 4902 1404 4956 cautim
1421 4901 1600 4957 Ctrtercienaia
1611 4913 1646 4954 aa
1666 4912 1811 4953 trerrrrcnnt
1833 4909 1857 4952 ct
1882 4897 1966 4951 iloni-

1209 4973 1301 5026 n.untii
1322 4974 1451 5026 ablatem.
1468 5001 1504 5011 -
1516 4970 1648 5024 llcnricua
1662 4979 1686 5023 et
1705 4970 1786 5022 ailus
1801 4967 1966 5022 lforinrnndi-

1208 5042 1399 5111 deputanturtr
1416 5040 1450 5096 D.
1466 5041 1632 5095 Cisterciensi
1655 5041 1690 5093 ud
1703 5038 1862 5093 visitandum
1878 5051 1964 5089 coeao·

1209 5114 1279 5166 diurn
1294 5114 1326 5166 dc
1340 5111 1476 5177 Calauria,

1210 5207 1406 5281 Contentiunes
1419 5213 1444 5261 et
1464 5205 1530 5259 rixae
1551 5217 1619 5275 quas
1642 5202 1669 5256 in
1685 5198 1853 5257 monasterio
1865 5198 1899 5253 de
1910 5195 1965 5251 Co·

1175 5304 1265 5359 lumba
1282 5304 1359 5358 furor
1374 5299 1438 5356 unali
1453 5299 1581 5356 desiderii
1601 5295 1756 5360 suscitarit,
1783 5294 1817 5347 ad
1844 5302 1964 5345 nostram

1174 5404 1384 5463 nostrorumque
1402 5406 1551 5464 pervenere
1568 5389 1708 5453 notitiam,
1724 5388 1786 5441 diro
1803 5399 1852 5438 nos
1867 5382 1963 5437 adnm·

1175 5488 1238 5540 dum
1261 5483 1374 5540 vulnere
1394 5482 1590 5554 percellentcs3
1618 5488 1673 5535 tam
1689 5492 1738 5548 pro
1761 5472 1966 5543 dispensatione

1175 5580 1272 5634 «lomus
1298 5578 1392 5645 ipsius,
1417 5574 1459 5630 cui
1477 5588 1561 5643 grace
1576 5572 1694 5629 subinde
1707 5568 1859 5640 periculum
1876 5564 1966 5619 intarti-

1176 5678 1232 5737 net,
1249 5684 1330 5741 quarn
1347 5667 1447 5723 uiolata
1472 5665 1557 5720 nostri
1579 5664 1683 5719 ordinis
1699 5661 1852 5722 incarcerate,
1865 5669 1926 5724 quae
1938 5655 1964 5708 in

338 5766 545 5835 acceptantibus
561 5765 696 5819 utrivcrsis
709 5777 737 5821 et
752 5767 848 5836 dignas
871 5773 925 5822 veo
942 5768 1047 5837 gratias
1059 5780 1123 5835 per·
1175 5760 1303 5816 omnibus
1315 5739 1517 5829 professoribus
1525 5757 1582 5812 suis
1591 5765 1695 5827 pestem
1706 5750 1850 5805 familiaris
1861 5746 1965 5804 dissidii

294 5877 303 5892 .
338 5857 516 5923 srrlvcntibus,
534 5857 624 5912 ltalrita
644 5855 840 5911 deliberatione
866 5857 1037 5912 decrevimus
1062 5871 1124 5910 ora·
1175 5852 1373 5909 etduutesticae
1400 5847 1546 5907 simultatis
1564 5848 1704 5903 abhorret.
1729 5843 1856 5899 linientes
1884 5838 1965 5906 igitur

269 5998 274 6006 ,
340 5951 402 6009 furii
417 5951 501 6007 nostri
510 5966 663 6007 n1eusututn
674 5948 891 6007 sitteoratiunntn
900 5965 1024 6006 tttcnsura
1039 5958 1125 6003 trans-
1178 5945 1241 6001 ltuic
1268 5952 1342 6000 tauto
1366 5943 1436 5999 utado
1459 5948 1615 6011 competens
1627 5936 1774 5995 accelerari
1802 5931 1965 5993 rentediunt,
